BidPrice1,BidVolume1,BidPrice2,BidVolume2,BidPrice3,BidVolume3,BidPrice4,BidVolume4,BidPrice5,BidVolume5,AskPrice1,AskVolume1,AskPrice2,AskVolume2,AskPrice3,AskVolume3,AskPrice4,AskVolume4,AskPrice5,AskVolume5,timeMs
5.77,10200.0,5.73,60300.0,5.72,9000.0,5.71,9400.0,5.7,19300.0,5.79,9800.0,5.81,3500.0,5.82,5100.0,5.83,11600.0,5.84,10100.0,900000
5.77,17800.0,5.75,5500.0,5.74,1600.0,5.73,68300.0,5.72,9000.0,5.79,9800.0,5.8,30000.0,5.81,11200.0,5.82,42900.0,5.83,8100.0,903000
5.77,17800.0,5.75,5500.0,5.74,11600.0,5.73,68300.0,5.72,9300.0,5.79,9800.0,5.8,30000.0,5.81,11200.0,5.82,44900.0,5.83,8100.0,906000
5.77,17800.0,5.75,5500.0,5.74,11600.0,5.73,68300.0,5.72,9300.0,5.79,9800.0,5.8,30000.0,5.81,11200.0,5.82,44900.0,5.83,8100.0,909000
5.77,17800.0,5.75,5500.0,5.74,11600.0,5.73,68300.0,5.72,9300.0,5.79,9800.0,5.8,30000.0,5.81,11200.0,5.82,44900.0,5.83,8100.0,912000
5.77,17800.0,5.75,5500.0,5.74,11600.0,5.73,68300.0,5.72,9300.0,5.79,9800.0,5.8,30000.0,5.81,11200.0,5.82,44900.0,5.83,8100.0,915000
5.78,200.0,5.77,17800.0,5.75,5500.0,5.74,11600.0,5.73,68300.0,5.79,9800.0,5.8,30000.0,5.81,11200.0,5.82,44900.0,5.83,8100.0,924000
5.78,200.0,5.77,17800.0,5.75,5500.0,5.74,26600.0,5.73,68300.0,5.79,9800.0,5.8,30000.0,5.81,11200.0,5.82,44900.0,5.83,8100.0,927000
5.77,17800.0,5.75,5500.0,5.74,26600.0,5.73,68300.0,5.72,9300.0,5.78,800.0,5.79,59300.0,5.8,30000.0,5.81,11200.0,5.82,44900.0,936000
5.77,17800.0,5.75,5500.0,5.74,26600.0,5.73,68300.0,5.72,9300.0,5.78,800.0,5.79,59300.0,5.8,30000.0,5.81,11200.0,5.82,44900.0,939000
5.77,6900.0,5.75,5500.0,5.74,26600.0,5.73,68300.0,5.72,9300.0,5.78,40600.0,5.79,59300.0,5.8,30000.0,5.81,11200.0,5.82,17100.0,942000
5.77,6900.0,5.75,5500.0,5.74,26600.0,5.73,68300.0,5.72,9300.0,5.78,40600.0,5.79,59300.0,5.8,30000.0,5.81,11200.0,5.82,17100.0,945000
5.77,6900.0,5.75,5700.0,5.74,26600.0,5.73,68300.0,5.72,9300.0,5.78,40600.0,5.79,59300.0,5.8,30000.0,5.81,11200.0,5.82,17100.0,951000
5.77,2400.0,5.75,5700.0,5.74,26600.0,5.73,68300.0,5.72,9300.0,5.78,68400.0,5.79,59300.0,5.8,30000.0,5.81,11200.0,5.82,17100.0,957000
5.77,2400.0,5.75,5700.0,5.74,26600.0,5.73,68300.0,5.72,9300.0,5.78,28400.0,5.79,59300.0,5.8,30000.0,5.81,11200.0,5.82,17100.0,960000
5.75,5700.0,5.74,26600.0,5.73,68300.0,5.72,9300.0,5.71,22400.0,5.76,36000.0,5.78,27900.0,5.79,59300.0,5.8,30000.0,5.81,11200.0,972000
5.75,5700.0,5.74,26600.0,5.73,68300.0,5.72,9300.0,5.71,22400.0,5.76,36000.0,5.78,27900.0,5.79,59300.0,5.8,30000.0,5.81,11200.0,975000
5.75,5700.0,5.74,26600.0,5.73,68300.0,5.72,9300.0,5.71,22400.0,5.76,34000.0,5.78,27900.0,5.79,59300.0,5.8,30000.0,5.81,11200.0,978000
5.75,5700.0,5.74,26600.0,5.73,68300.0,5.72,9300.0,5.71,22400.0,5.76,34000.0,5.78,27800.0,5.79,59300.0,5.8,30000.0,5.81,11200.0,990000
5.75,5700.0,5.74,26600.0,5.73,68300.0,5.72,9300.0,5.71,22400.0,5.76,33700.0,5.78,27800.0,5.79,59300.0,5.8,30000.0,5.81,11200.0,993000
5.75,200.0,5.74,26600.0,5.73,65300.0,5.72,9300.0,5.71,22400.0,5.76,33700.0,5.78,27800.0,5.79,66300.0,5.8,30000.0,5.81,11200.0,996000
5.75,100.0,5.74,26600.0,5.73,65300.0,5.72,9300.0,5.71,22400.0,5.76,33700.0,5.78,27800.0,5.79,66300.0,5.8,30000.0,5.81,11200.0,999000
5.75,5300.0,5.74,26600.0,5.73,65300.0,5.72,9300.0,5.71,22400.0,5.76,33700.0,5.79,66300.0,5.8,30000.0,5.81,11200.0,5.82,17100.0,1002000
5.75,8300.0,5.74,26600.0,5.73,65300.0,5.72,9300.0,5.71,22400.0,5.76,33700.0,5.79,66300.0,5.8,30000.0,5.81,11200.0,5.82,17100.0,1005000
5.75,4100.0,5.74,26600.0,5.73,65300.0,5.72,9300.0,5.71,19100.0,5.76,33700.0,5.79,66300.0,5.8,30000.0,5.81,11200.0,5.82,17100.0,1008000
5.74,26600.0,5.73,65300.0,5.72,9300.0,5.71,19100.0,5.7,71700.0,5.75,23700.0,5.76,33700.0,5.79,66300.0,5.8,30000.0,5.81,11200.0,1011000
5.74,26600.0,5.73,65300.0,5.72,9300.0,5.71,19100.0,5.7,71700.0,5.75,29700.0,5.76,33700.0,5.79,66300.0,5.8,30000.0,5.81,11200.0,1014000
5.74,26600.0,5.73,65300.0,5.72,9300.0,5.71,19100.0,5.7,71700.0,5.75,29700.0,5.79,66300.0,5.8,30000.0,5.81,11200.0,5.82,17100.0,1017000
5.74,26600.0,5.73,65300.0,5.72,9300.0,5.71,19100.0,5.7,73700.0,5.75,29700.0,5.79,66300.0,5.8,30000.0,5.81,11200.0,5.82,17100.0,1020000
5.74,26800.0,5.73,65300.0,5.72,9300.0,5.71,19100.0,5.7,73700.0,5.75,29700.0,5.79,66300.0,5.8,30000.0,5.81,11200.0,5.82,17100.0,1026000
5.74,27400.0,5.73,65300.0,5.72,9300.0,5.71,19100.0,5.7,73700.0,5.75,6000.0,5.79,66300.0,5.8,35000.0,5.81,11200.0,5.82,17100.0,1029000
5.73,65300.0,5.72,9300.0,5.71,19100.0,5.7,73700.0,5.69,500.0,5.74,6200.0,5.75,6000.0,5.79,66300.0,5.8,35000.0,5.81,11200.0,1032000
5.73,65300.0,5.72,9300.0,5.71,19100.0,5.7,73700.0,5.69,500.0,5.74,26200.0,5.75,6000.0,5.79,66300.0,5.8,35000.0,5.81,11200.0,1038000
5.73,45500.0,5.72,9300.0,5.71,19100.0,5.7,73700.0,5.69,500.0,5.74,20700.0,5.75,6000.0,5.79,69300.0,5.8,35000.0,5.81,11200.0,1041000
5.73,45500.0,5.72,10100.0,5.71,19100.0,5.7,73700.0,5.69,500.0,5.74,20700.0,5.75,6000.0,5.79,69300.0,5.8,35000.0,5.81,11200.0,1044000
5.73,33500.0,5.72,10100.0,5.71,19100.0,5.7,73700.0,5.69,500.0,5.74,19200.0,5.75,6000.0,5.79,69300.0,5.8,35000.0,5.81,11200.0,1050000
5.73,33500.0,5.72,10100.0,5.71,19100.0,5.7,73700.0,5.69,500.0,5.74,19200.0,5.79,69300.0,5.8,35000.0,5.81,11200.0,5.82,17100.0,1053000
5.73,26500.0,5.72,10100.0,5.71,19100.0,5.7,73700.0,5.69,500.0,5.74,19200.0,5.78,3900.0,5.79,69300.0,5.8,35000.0,5.81,11200.0,1062000
5.73,26500.0,5.72,10100.0,5.71,20700.0,5.7,23700.0,5.69,500.0,5.78,3900.0,5.79,69300.0,5.8,35000.0,5.81,11200.0,5.82,17100.0,1065000
5.73,26500.0,5.72,13300.0,5.71,20700.0,5.7,23700.0,5.69,500.0,5.78,3900.0,5.79,69300.0,5.8,35000.0,5.81,11200.0,5.82,17100.0,1068000
5.73,26500.0,5.72,13300.0,5.71,21700.0,5.7,23700.0,5.69,500.0,5.78,3900.0,5.79,69300.0,5.8,35000.0,5.81,11200.0,5.82,17100.0,1071000
5.73,26800.0,5.72,13300.0,5.71,21700.0,5.7,23700.0,5.69,500.0,5.78,4000.0,5.79,69300.0,5.8,35000.0,5.81,11200.0,5.82,17100.0,1074000
5.73,28800.0,5.72,13300.0,5.71,21700.0,5.7,33700.0,5.69,500.0,5.78,4000.0,5.79,69300.0,5.8,35000.0,5.81,11200.0,5.82,17100.0,1077000
5.73,28800.0,5.72,13300.0,5.71,21700.0,5.7,31300.0,5.69,1500.0,5.78,4000.0,5.79,69300.0,5.8,35000.0,5.81,11200.0,5.82,17100.0,1080000
5.73,28800.0,5.72,13400.0,5.71,21900.0,5.7,31300.0,5.69,1500.0,5.77,5300.0,5.78,7300.0,5.79,69300.0,5.8,35000.0,5.81,11200.0,1083000
5.74,2700.0,5.73,30800.0,5.72,15400.0,5.71,21900.0,5.7,31300.0,5.77,5300.0,5.78,30400.0,5.79,69300.0,5.8,35000.0,5.81,11200.0,1086000
5.75,700.0,5.74,2700.0,5.73,30800.0,5.72,15400.0,5.71,21900.0,5.77,5300.0,5.78,30400.0,5.79,69300.0,5.8,35000.0,5.81,11200.0,1089000
5.75,700.0,5.74,3500.0,5.73,30800.0,5.72,15400.0,5.71,21900.0,5.77,5300.0,5.78,30400.0,5.79,69300.0,5.8,45000.0,5.81,11200.0,1092000
5.75,700.0,5.74,6500.0,5.73,31300.0,5.72,15400.0,5.71,21900.0,5.77,5300.0,5.78,30400.0,5.79,69300.0,5.8,45000.0,5.81,11200.0,1095000
5.75,700.0,5.74,7300.0,5.73,31300.0,5.72,15400.0,5.71,21900.0,5.77,8200.0,5.78,30400.0,5.79,69300.0,5.8,45000.0,5.81,11200.0,1098000
5.75,700.0,5.74,7300.0,5.73,31300.0,5.72,15400.0,5.71,21900.0,5.77,8000.0,5.78,30400.0,5.79,69300.0,5.8,45000.0,5.81,11200.0,1101000
5.75,700.0,5.74,7300.0,5.73,31300.0,5.72,15400.0,5.71,19800.0,5.77,8000.0,5.78,30400.0,5.79,69300.0,5.8,45000.0,5.81,11200.0,1104000
5.75,700.0,5.74,7300.0,5.73,31300.0,5.72,17400.0,5.71,19800.0,5.77,8000.0,5.78,30400.0,5.79,69300.0,5.8,45000.0,5.81,11200.0,1107000
5.74,8300.0,5.73,31300.0,5.72,17400.0,5.71,19800.0,5.7,31300.0,5.75,3300.0,5.77,8000.0,5.78,30400.0,5.79,69300.0,5.8,45000.0,1110000
5.74,8300.0,5.73,31300.0,5.72,17400.0,5.71,19800.0,5.7,26000.0,5.75,3300.0,5.77,8000.0,5.78,30400.0,5.79,69300.0,5.8,45000.0,1113000
5.75,1700.0,5.74,8300.0,5.73,33700.0,5.72,17400.0,5.71,19800.0,5.77,8000.0,5.78,30400.0,5.79,69300.0,5.8,45000.0,5.81,11200.0,1116000
5.75,1700.0,5.74,9200.0,5.73,33700.0,5.72,17400.0,5.71,19800.0,5.77,8000.0,5.78,30400.0,5.79,69300.0,5.8,45000.0,5.81,11200.0,1119000
5.75,1700.0,5.74,9200.0,5.73,33700.0,5.72,18500.0,5.71,19800.0,5.77,8000.0,5.78,30400.0,5.79,69300.0,5.8,45000.0,5.81,11200.0,1122000
5.75,1700.0,5.74,9200.0,5.73,39300.0,5.72,18500.0,5.71,19800.0,5.77,8000.0,5.78,30400.0,5.79,69300.0,5.8,50000.0,5.81,11200.0,1125000
5.75,1700.0,5.74,9200.0,5.73,39300.0,5.72,18500.0,5.71,19800.0,5.77,8000.0,5.78,30400.0,5.79,69300.0,5.8,55000.0,5.81,11200.0,1128000
5.75,2200.0,5.74,9200.0,5.73,39300.0,5.72,19000.0,5.71,19800.0,5.77,8000.0,5.78,30400.0,5.79,69300.0,5.8,55000.0,5.81,11200.0,1131000
5.75,2200.0,5.74,9200.0,5.73,39300.0,5.72,20000.0,5.71,19800.0,5.77,8000.0,5.78,30400.0,5.79,69300.0,5.8,55000.0,5.81,11200.0,1134000
5.75,2200.0,5.74,8200.0,5.73,39300.0,5.72,20000.0,5.71,19800.0,5.77,8000.0,5.78,30400.0,5.79,69300.0,5.8,55000.0,5.81,11200.0,1137000
5.75,2200.0,5.74,13400.0,5.73,39300.0,5.72,20000.0,5.71,19800.0,5.77,8000.0,5.78,30400.0,5.79,69300.0,5.8,55000.0,5.81,11200.0,1140000
5.75,2200.0,5.74,13400.0,5.73,39300.0,5.72,20000.0,5.71,19800.0,5.77,13000.0,5.78,27100.0,5.79,69300.0,5.8,55000.0,5.81,11200.0,1146000
5.75,2300.0,5.74,13400.0,5.73,39300.0,5.72,24800.0,5.71,19800.0,5.77,13000.0,5.78,27100.0,5.79,69300.0,5.8,55000.0,5.81,11200.0,1149000
5.75,2300.0,5.74,13400.0,5.73,39300.0,5.72,23700.0,5.71,19800.0,5.77,13000.0,5.78,27100.0,5.79,69300.0,5.8,55000.0,5.81,11200.0,1152000
5.75,2300.0,5.74,11700.0,5.73,39300.0,5.72,23700.0,5.71,19800.0,5.77,13000.0,5.78,27100.0,5.79,69300.0,5.8,55000.0,5.81,11200.0,1155000
5.75,2300.0,5.74,11700.0,5.73,39300.0,5.72,23700.0,5.71,19800.0,5.77,13000.0,5.78,27100.0,5.79,69300.0,5.8,55000.0,5.81,11200.0,1158000
5.75,5300.0,5.74,11700.0,5.73,39300.0,5.72,23700.0,5.71,19800.0,5.77,13000.0,5.78,27100.0,5.79,69300.0,5.8,55000.0,5.81,11200.0,1161000
5.75,5300.0,5.74,11700.0,5.73,41300.0,5.72,23700.0,5.71,19800.0,5.77,13000.0,5.78,27100.0,5.79,69300.0,5.8,55000.0,5.81,11200.0,1170000
5.75,7000.0,5.74,11700.0,5.73,41300.0,5.72,23700.0,5.71,19800.0,5.77,13000.0,5.78,27100.0,5.79,69300.0,5.8,55000.0,5.81,11200.0,1173000
5.75,7000.0,5.74,11700.0,5.73,41300.0,5.72,23700.0,5.71,19800.0,5.77,13000.0,5.78,27100.0,5.79,69300.0,5.8,55000.0,5.81,11200.0,1176000
5.75,11600.0,5.74,11700.0,5.73,41000.0,5.72,23700.0,5.71,19800.0,5.77,13000.0,5.78,27100.0,5.79,69300.0,5.8,55000.0,5.81,11200.0,1179000
5.75,12700.0,5.74,11700.0,5.73,41000.0,5.72,23700.0,5.71,19800.0,5.77,13000.0,5.78,27100.0,5.79,69300.0,5.8,55000.0,5.81,11200.0,1182000
5.75,12700.0,5.74,8800.0,5.73,41000.0,5.72,23700.0,5.71,19800.0,5.77,33000.0,5.78,27100.0,5.79,69300.0,5.8,55000.0,5.81,11200.0,1188000
5.75,12700.0,5.74,8800.0,5.73,41000.0,5.72,23700.0,5.71,19800.0,5.77,33000.0,5.78,27100.0,5.79,69300.0,5.8,55000.0,5.81,11200.0,1191000
5.75,12700.0,5.74,8800.0,5.73,41000.0,5.72,30900.0,5.71,19800.0,5.77,33000.0,5.78,27100.0,5.79,69300.0,5.8,55000.0,5.81,11200.0,1200000
5.75,12700.0,5.74,8800.0,5.73,42000.0,5.72,30900.0,5.71,19800.0,5.77,33000.0,5.78,27100.0,5.79,69300.0,5.8,55000.0,5.81,11200.0,1209000
5.75,12700.0,5.74,8800.0,5.73,42000.0,5.72,30900.0,5.71,19800.0,5.77,33000.0,5.78,27100.0,5.79,69300.0,5.8,55000.0,5.81,11200.0,1215000
5.75,9000.0,5.74,8800.0,5.73,42000.0,5.72,30900.0,5.71,19800.0,5.77,33000.0,5.78,27100.0,5.79,69300.0,5.8,55000.0,5.81,11200.0,1218000
5.75,9000.0,5.74,8800.0,5.73,42000.0,5.72,30900.0,5.71,19600.0,5.77,33000.0,5.78,27100.0,5.79,69300.0,5.8,55000.0,5.81,11200.0,1221000
5.73,42000.0,5.72,30900.0,5.71,19800.0,5.7,148200.0,5.69,41500.0,5.74,12200.0,5.77,33000.0,5.78,27100.0,5.79,69300.0,5.8,55000.0,1239000
5.73,42000.0,5.72,30900.0,5.71,19900.0,5.7,148200.0,5.69,41500.0,5.74,12200.0,5.77,33000.0,5.78,27100.0,5.79,69300.0,5.8,55000.0,1248000
5.73,42000.0,5.72,30900.0,5.71,21900.0,5.7,150000.0,5.69,41500.0,5.77,33000.0,5.78,27100.0,5.79,69300.0,5.8,55000.0,5.81,11200.0,1254000
5.74,5000.0,5.73,42000.0,5.72,30900.0,5.71,21900.0,5.7,60600.0,5.77,33000.0,5.78,27100.0,5.79,69300.0,5.8,55000.0,5.81,11200.0,1257000
5.73,42000.0,5.72,30900.0,5.71,21900.0,5.7,60600.0,5.69,41500.0,5.77,33000.0,5.78,27100.0,5.79,69300.0,5.8,55000.0,5.81,11200.0,1260000
5.75,800.0,5.74,500.0,5.73,34200.0,5.72,30900.0,5.71,21900.0,5.77,33000.0,5.78,27100.0,5.79,69300.0,5.8,55000.0,5.81,11200.0,1266000
5.73,33300.0,5.72,30900.0,5.71,21900.0,5.7,90600.0,5.69,41500.0,5.77,33000.0,5.78,27100.0,5.79,69300.0,5.8,55000.0,5.81,11200.0,1272000
5.73,33300.0,5.72,30900.0,5.71,21900.0,5.7,90600.0,5.69,41500.0,5.76,2900.0,5.77,33000.0,5.78,27100.0,5.79,69300.0,5.8,55000.0,1275000
5.73,33200.0,5.72,30900.0,5.71,21900.0,5.7,90600.0,5.69,41500.0,5.76,2900.0,5.77,33000.0,5.78,27100.0,5.79,69300.0,5.8,55000.0,1278000
5.73,33600.0,5.72,30900.0,5.71,21900.0,5.7,90600.0,5.69,41500.0,5.76,2900.0,5.77,33000.0,5.78,27100.0,5.79,69300.0,5.8,55000.0,1284000
5.73,29400.0,5.72,30900.0,5.71,21900.0,5.7,90600.0,5.69,41500.0,5.76,2900.0,5.77,33000.0,5.78,27100.0,5.79,69300.0,5.8,55000.0,1290000
5.73,29200.0,5.72,35900.0,5.71,21900.0,5.7,90600.0,5.69,41500.0,5.76,2900.0,5.77,33000.0,5.78,27100.0,5.79,69300.0,5.8,55000.0,1293000
5.73,30200.0,5.72,35900.0,5.71,22400.0,5.7,90600.0,5.69,41500.0,5.76,2900.0,5.77,33000.0,5.78,27100.0,5.79,69300.0,5.8,55000.0,1296000
5.73,30200.0,5.72,35900.0,5.71,23500.0,5.7,90600.0,5.69,41500.0,5.76,2900.0,5.77,33000.0,5.78,27100.0,5.79,69300.0,5.8,60200.0,1299000
5.73,32200.0,5.72,35900.0,5.71,23500.0,5.7,88600.0,5.69,41500.0,5.76,2900.0,5.77,33000.0,5.78,27100.0,5.79,69300.0,5.8,60200.0,1302000
5.73,27200.0,5.72,35900.0,5.71,23500.0,5.7,88800.0,5.69,41500.0,5.76,2900.0,5.77,33000.0,5.78,27100.0,5.79,69300.0,5.8,60200.0,1314000
5.73,27200.0,5.72,35900.0,5.71,22400.0,5.7,88800.0,5.69,41500.0,5.76,10000.0,5.77,33000.0,5.78,27100.0,5.79,69300.0,5.8,60200.0,1317000
5.73,27200.0,5.72,35900.0,5.71,22400.0,5.7,88800.0,5.69,41500.0,5.76,10000.0,5.77,33000.0,5.78,27100.0,5.79,69300.0,5.8,60200.0,1320000
5.73,28200.0,5.72,35900.0,5.71,22400.0,5.7,88800.0,5.69,41500.0,5.76,10000.0,5.77,33000.0,5.78,27100.0,5.79,69300.0,5.8,60200.0,1323000
5.74,100.0,5.73,28200.0,5.72,35900.0,5.71,22400.0,5.7,88800.0,5.76,10000.0,5.77,33000.0,5.78,27100.0,5.79,69300.0,5.8,60200.0,1326000
5.74,100.0,5.73,28200.0,5.72,35900.0,5.71,22400.0,5.7,90800.0,5.76,10000.0,5.77,33000.0,5.78,27100.0,5.79,69300.0,5.8,60200.0,1329000
5.74,100.0,5.73,28200.0,5.72,35900.0,5.71,22400.0,5.7,90800.0,5.76,10000.0,5.77,33000.0,5.78,27100.0,5.79,69300.0,5.8,60200.0,1332000
5.73,28200.0,5.72,35900.0,5.71,22400.0,5.7,90800.0,5.69,41500.0,5.74,4900.0,5.76,10000.0,5.77,33000.0,5.78,27100.0,5.79,69300.0,1338000
5.73,28200.0,5.72,35900.0,5.71,22400.0,5.7,90800.0,5.69,41500.0,5.74,3900.0,5.76,10000.0,5.77,33000.0,5.78,27100.0,5.79,69300.0,1341000
5.73,28200.0,5.72,35900.0,5.71,22400.0,5.7,90800.0,5.69,41500.0,5.74,3900.0,5.76,10000.0,5.77,33000.0,5.78,27100.0,5.79,69300.0,1350000
5.73,28200.0,5.72,35900.0,5.71,22400.0,5.7,90800.0,5.69,61500.0,5.74,1900.0,5.76,10000.0,5.77,33000.0,5.78,27100.0,5.79,69300.0,1356000
5.73,28200.0,5.72,35900.0,5.71,22400.0,5.7,90800.0,5.69,61500.0,5.74,1900.0,5.76,10000.0,5.77,33000.0,5.78,27100.0,5.79,69300.0,1359000
5.73,28200.0,5.72,35900.0,5.71,222400.0,5.7,90800.0,5.69,61500.0,5.74,1900.0,5.76,10000.0,5.77,33000.0,5.78,27100.0,5.79,69300.0,1362000
5.73,38200.0,5.72,35900.0,5.71,222400.0,5.7,90800.0,5.69,61500.0,5.74,900.0,5.76,10000.0,5.77,33000.0,5.78,27100.0,5.79,69300.0,1365000
5.73,38200.0,5.72,38300.0,5.71,222400.0,5.7,90800.0,5.69,61500.0,5.74,900.0,5.76,10000.0,5.77,33000.0,5.78,27100.0,5.79,69300.0,1371000
5.73,41200.0,5.72,38300.0,5.71,222400.0,5.7,90800.0,5.69,61500.0,5.74,900.0,5.76,10000.0,5.77,33000.0,5.78,27100.0,5.79,69300.0,1377000
5.73,61000.0,5.72,38300.0,5.71,222400.0,5.7,90800.0,5.69,61500.0,5.74,900.0,5.76,10000.0,5.77,33000.0,5.78,27100.0,5.79,69300.0,1383000
5.73,59300.0,5.72,38300.0,5.71,222400.0,5.7,92600.0,5.69,61500.0,5.74,900.0,5.76,10000.0,5.77,33000.0,5.78,27100.0,5.79,69300.0,1386000
5.73,39500.0,5.72,38300.0,5.71,222400.0,5.7,92600.0,5.69,61500.0,5.74,900.0,5.76,10000.0,5.77,33000.0,5.78,27100.0,5.79,69300.0,1389000
5.73,36600.0,5.72,38300.0,5.71,222400.0,5.7,92600.0,5.69,61500.0,5.74,900.0,5.76,10000.0,5.77,33000.0,5.78,27100.0,5.79,69300.0,1407000
5.73,36600.0,5.72,38300.0,5.71,242300.0,5.7,92600.0,5.69,61500.0,5.74,900.0,5.76,10000.0,5.77,33000.0,5.78,27100.0,5.79,69300.0,1410000
5.73,36600.0,5.72,41500.0,5.71,242300.0,5.7,92600.0,5.69,61500.0,5.74,900.0,5.76,10000.0,5.77,33000.0,5.78,27100.0,5.79,69300.0,1413000
5.73,41600.0,5.72,41500.0,5.71,242300.0,5.7,92600.0,5.69,61500.0,5.74,900.0,5.76,10000.0,5.77,33000.0,5.78,27100.0,5.79,69300.0,1416000
5.73,40600.0,5.72,41500.0,5.71,242300.0,5.7,92600.0,5.69,61500.0,5.74,900.0,5.76,10000.0,5.77,33000.0,5.78,27100.0,5.79,69300.0,1425000
5.73,40600.0,5.72,41600.0,5.71,242300.0,5.7,93100.0,5.69,61500.0,5.74,1400.0,5.76,10000.0,5.77,33000.0,5.78,27100.0,5.79,69300.0,1428000
5.73,40600.0,5.72,41600.0,5.71,242300.0,5.7,93100.0,5.69,61500.0,5.74,1400.0,5.76,10000.0,5.77,33000.0,5.78,27100.0,5.79,69300.0,1431000
5.73,39000.0,5.72,41600.0,5.71,242300.0,5.7,93100.0,5.69,61500.0,5.74,1400.0,5.76,10000.0,5.77,33000.0,5.78,27100.0,5.79,69300.0,1440000
5.74,8600.0,5.73,39000.0,5.72,44200.0,5.71,242300.0,5.7,93100.0,5.76,10000.0,5.77,33000.0,5.78,27100.0,5.79,69300.0,5.8,60200.0,1443000
5.74,8700.0,5.73,39000.0,5.72,44200.0,5.71,242300.0,5.7,93100.0,5.76,10000.0,5.77,33000.0,5.78,27100.0,5.79,69300.0,5.8,60200.0,1449000
5.74,8700.0,5.73,39000.0,5.72,44300.0,5.71,242300.0,5.7,93100.0,5.76,10000.0,5.77,33000.0,5.78,27100.0,5.79,69300.0,5.8,60200.0,1455000
5.74,12100.0,5.73,39000.0,5.72,41900.0,5.71,242300.0,5.7,93100.0,5.75,5000.0,5.76,7100.0,5.77,33000.0,5.78,27100.0,5.79,69300.0,1458000
5.74,12100.0,5.73,39000.0,5.72,41900.0,5.71,242300.0,5.7,92900.0,5.75,5000.0,5.76,7100.0,5.77,33000.0,5.78,27100.0,5.79,69300.0,1461000
5.74,12100.0,5.73,39000.0,5.72,41900.0,5.71,240700.0,5.7,92900.0,5.75,5000.0,5.76,7100.0,5.77,33000.0,5.78,27100.0,5.79,69300.0,1464000
5.74,12100.0,5.73,39000.0,5.72,42900.0,5.71,240700.0,5.7,92900.0,5.75,5000.0,5.76,7100.0,5.77,33000.0,5.78,27100.0,5.79,69300.0,1467000
5.74,10800.0,5.73,39000.0,5.72,42900.0,5.71,240700.0,5.7,92900.0,5.75,5000.0,5.76,7100.0,5.77,33000.0,5.78,27100.0,5.79,69300.0,1470000
5.74,10800.0,5.73,39000.0,5.72,42900.0,5.71,240900.0,5.7,92900.0,5.75,5000.0,5.76,7100.0,5.77,33000.0,5.78,27100.0,5.79,69300.0,1473000
5.74,10800.0,5.73,40600.0,5.72,42900.0,5.71,240900.0,5.7,92900.0,5.75,5000.0,5.76,7100.0,5.77,33000.0,5.78,27100.0,5.79,69300.0,1476000
5.74,10800.0,5.73,40600.0,5.72,42900.0,5.71,250900.0,5.7,92900.0,5.75,5000.0,5.76,7100.0,5.77,33000.0,5.78,27100.0,5.79,69300.0,1482000
5.74,10800.0,5.73,40600.0,5.72,42900.0,5.71,250900.0,5.7,92900.0,5.75,5000.0,5.76,38300.0,5.77,33000.0,5.78,27100.0,5.79,69300.0,1497000
5.74,10800.0,5.73,40600.0,5.72,42900.0,5.71,250900.0,5.7,92900.0,5.75,5000.0,5.76,40300.0,5.77,33000.0,5.78,27100.0,5.79,69300.0,1500000
5.74,10800.0,5.73,43000.0,5.72,42900.0,5.71,250900.0,5.7,92900.0,5.75,6700.0,5.76,40300.0,5.77,33000.0,5.78,27100.0,5.79,69300.0,1503000
5.74,800.0,5.73,43000.0,5.72,42900.0,5.71,250900.0,5.7,92900.0,5.75,6700.0,5.76,40300.0,5.77,33000.0,5.78,27100.0,5.79,69300.0,1524000
5.74,800.0,5.73,43000.0,5.72,42900.0,5.71,250900.0,5.7,92900.0,5.75,37900.0,5.76,40300.0,5.77,33000.0,5.78,27100.0,5.79,69300.0,1527000
5.73,43000.0,5.72,44900.0,5.71,250900.0,5.7,92900.0,5.69,61500.0,5.74,3400.0,5.75,37900.0,5.76,40300.0,5.77,33000.0,5.78,27100.0,1539000
5.74,25100.0,5.73,43000.0,5.72,44900.0,5.71,250900.0,5.7,92900.0,5.75,37900.0,5.76,40300.0,5.77,33000.0,5.78,27100.0,5.79,69300.0,1542000
5.74,25100.0,5.73,43000.0,5.72,44900.0,5.71,250900.0,5.7,93400.0,5.75,37900.0,5.76,40300.0,5.77,33000.0,5.78,27100.0,5.79,69300.0,1548000
5.74,25100.0,5.73,43000.0,5.72,44900.0,5.71,250900.0,5.7,93400.0,5.75,37900.0,5.76,9100.0,5.77,33000.0,5.78,27100.0,5.79,69300.0,1551000
5.74,25100.0,5.73,43000.0,5.72,44900.0,5.71,250900.0,5.7,93400.0,5.75,37900.0,5.76,9100.0,5.77,33000.0,5.78,27100.0,5.79,69300.0,1554000
5.74,25100.0,5.73,43000.0,5.72,44900.0,5.71,250900.0,5.7,93400.0,5.75,37900.0,5.76,9100.0,5.77,33000.0,5.78,27100.0,5.79,69300.0,1557000
5.74,25100.0,5.73,43000.0,5.72,48000.0,5.71,250900.0,5.7,93400.0,5.75,38600.0,5.76,9100.0,5.77,33000.0,5.78,27100.0,5.79,69300.0,1563000
5.74,25300.0,5.73,43000.0,5.72,48000.0,5.71,250900.0,5.7,93400.0,5.75,38600.0,5.76,9100.0,5.77,33000.0,5.78,27100.0,5.79,69300.0,1566000
5.74,25300.0,5.73,44300.0,5.72,48000.0,5.71,250900.0,5.7,93400.0,5.75,38600.0,5.76,9100.0,5.77,33000.0,5.78,27100.0,5.79,69300.0,1569000
5.74,25300.0,5.73,44300.0,5.72,48000.0,5.71,250900.0,5.7,93400.0,5.75,38600.0,5.76,9100.0,5.77,33000.0,5.78,27100.0,5.79,69300.0,1575000
5.74,26300.0,5.73,44300.0,5.72,73000.0,5.71,250900.0,5.7,93400.0,5.75,38600.0,5.76,9100.0,5.77,33000.0,5.78,27100.0,5.79,69300.0,1581000
5.74,26300.0,5.73,44300.0,5.72,73000.0,5.71,250900.0,5.7,93400.0,5.75,38600.0,5.76,9100.0,5.77,30100.0,5.78,27100.0,5.79,69300.0,1590000
5.74,26300.0,5.73,44300.0,5.72,73000.0,5.71,250900.0,5.7,93400.0,5.75,38300.0,5.76,9100.0,5.77,30100.0,5.78,27100.0,5.79,69300.0,1593000
5.74,26300.0,5.73,44300.0,5.72,76700.0,5.71,250900.0,5.7,93400.0,5.75,38300.0,5.76,9100.0,5.77,30100.0,5.78,27100.0,5.79,69300.0,1596000
5.74,26300.0,5.73,44300.0,5.72,76700.0,5.71,250900.0,5.7,103400.0,5.75,38300.0,5.76,9100.0,5.77,30100.0,5.78,27100.0,5.79,69300.0,1599000
5.74,26300.0,5.73,44300.0,5.72,76700.0,5.71,250900.0,5.7,103400.0,5.75,38300.0,5.76,9100.0,5.77,30100.0,5.78,27100.0,5.79,69300.0,1608000
5.74,26900.0,5.73,44300.0,5.72,76700.0,5.71,250900.0,5.7,103400.0,5.75,38300.0,5.76,9100.0,5.77,30100.0,5.78,27100.0,5.79,69300.0,1614000
5.74,26900.0,5.73,44300.0,5.72,76700.0,5.71,250900.0,5.7,103400.0,5.75,28300.0,5.76,9100.0,5.77,30100.0,5.78,27100.0,5.79,69300.0,1620000
5.74,26700.0,5.73,44300.0,5.72,76700.0,5.71,250900.0,5.7,103400.0,5.75,28300.0,5.76,9100.0,5.77,30100.0,5.78,27100.0,5.79,69300.0,1626000
5.74,26700.0,5.73,44300.0,5.72,76700.0,5.71,250900.0,5.7,103400.0,5.75,13800.0,5.76,9100.0,5.77,30100.0,5.78,27100.0,5.79,69300.0,1629000
5.74,26700.0,5.73,44300.0,5.72,76700.0,5.71,250900.0,5.7,104200.0,5.75,13800.0,5.76,9100.0,5.77,30100.0,5.78,27100.0,5.79,69300.0,1644000
5.74,26700.0,5.73,44900.0,5.72,76700.0,5.71,250900.0,5.7,104200.0,5.75,13800.0,5.76,9100.0,5.77,30100.0,5.78,27100.0,5.79,69300.0,1650000
5.74,26700.0,5.73,44900.0,5.72,76700.0,5.71,250900.0,5.7,104200.0,5.75,13600.0,5.76,9100.0,5.77,30100.0,5.78,27100.0,5.79,69300.0,1656000
5.74,36700.0,5.73,44900.0,5.72,76700.0,5.71,250900.0,5.7,104200.0,5.75,13600.0,5.76,9100.0,5.77,30100.0,5.78,27100.0,5.79,69300.0,1659000
5.74,36700.0,5.73,44900.0,5.72,76700.0,5.71,250900.0,5.7,104200.0,5.75,13600.0,5.76,9100.0,5.77,30100.0,5.78,27100.0,5.79,69300.0,1662000
5.74,36700.0,5.73,44900.0,5.72,76700.0,5.71,250900.0,5.7,106000.0,5.75,13600.0,5.76,9100.0,5.77,30100.0,5.78,27100.0,5.79,69300.0,1665000
5.74,36700.0,5.73,44900.0,5.72,76900.0,5.71,250900.0,5.7,106000.0,5.75,13600.0,5.76,9100.0,5.77,30100.0,5.78,27100.0,5.79,69300.0,1671000
5.74,36700.0,5.73,44900.0,5.72,76900.0,5.71,250900.0,5.7,106000.0,5.75,13600.0,5.76,9100.0,5.77,30100.0,5.78,27100.0,5.79,69300.0,1674000
5.74,36700.0,5.73,44900.0,5.72,76900.0,5.71,250900.0,5.7,106000.0,5.75,13600.0,5.76,9100.0,5.77,30100.0,5.78,27100.0,5.79,69300.0,1686000
5.74,36700.0,5.73,44900.0,5.72,76900.0,5.71,250900.0,5.7,106000.0,5.75,13600.0,5.76,9100.0,5.77,30100.0,5.78,27100.0,5.79,69300.0,1689000
5.74,36700.0,5.73,44900.0,5.72,76900.0,5.71,250900.0,5.7,106000.0,5.75,13500.0,5.76,9100.0,5.77,30100.0,5.78,27100.0,5.79,69300.0,1692000
5.74,36700.0,5.73,44900.0,5.72,76900.0,5.71,250900.0,5.7,106000.0,5.75,3500.0,5.76,9100.0,5.77,30100.0,5.78,27100.0,5.79,69300.0,1695000
5.74,36700.0,5.73,44900.0,5.72,76900.0,5.71,250900.0,5.7,106000.0,5.76,9100.0,5.77,30100.0,5.78,27100.0,5.79,69300.0,5.8,60200.0,1701000
5.74,36700.0,5.73,42500.0,5.72,76900.0,5.71,250900.0,5.7,106000.0,5.76,9100.0,5.77,30100.0,5.78,27100.0,5.79,69300.0,5.8,60200.0,1713000
5.74,36700.0,5.73,42500.0,5.72,76900.0,5.71,255900.0,5.7,106000.0,5.76,9100.0,5.77,30100.0,5.78,27100.0,5.79,69300.0,5.8,60200.0,1716000
5.74,36700.0,5.73,42500.0,5.72,76900.0,5.71,255900.0,5.7,106500.0,5.76,9100.0,5.77,30100.0,5.78,27100.0,5.79,69300.0,5.8,60200.0,1731000
5.74,36700.0,5.73,42500.0,5.72,76900.0,5.71,255900.0,5.7,106500.0,5.76,9100.0,5.77,30100.0,5.78,27100.0,5.79,69300.0,5.8,60200.0,1740000
5.74,37700.0,5.73,42500.0,5.72,76900.0,5.71,255900.0,5.7,106500.0,5.75,2000.0,5.76,9100.0,5.77,30100.0,5.78,27100.0,5.79,69300.0,1743000
5.75,1100.0,5.74,37700.0,5.73,42500.0,5.72,76900.0,5.71,255900.0,5.76,9100.0,5.77,30100.0,5.78,27100.0,5.79,69300.0,5.8,60200.0,1749000
5.75,1100.0,5.74,37700.0,5.73,42500.0,5.72,76900.0,5.71,255900.0,5.76,13800.0,5.77,30100.0,5.78,27100.0,5.79,69300.0,5.8,60200.0,1752000
5.75,1100.0,5.74,37700.0,5.73,42500.0,5.72,76900.0,5.71,255900.0,5.76,13800.0,5.77,30100.0,5.78,27100.0,5.79,69300.0,5.8,60200.0,1764000
5.75,4700.0,5.74,37700.0,5.73,42500.0,5.72,76900.0,5.71,255900.0,5.76,13800.0,5.77,30100.0,5.78,27100.0,5.79,69300.0,5.8,60200.0,1770000
5.75,4700.0,5.74,37700.0,5.73,42500.0,5.72,76900.0,5.71,255900.0,5.76,13800.0,5.77,30100.0,5.78,27100.0,5.79,69300.0,5.8,60200.0,1773000
5.75,4700.0,5.74,37700.0,5.73,43100.0,5.72,76900.0,5.71,255900.0,5.76,13800.0,5.77,30100.0,5.78,27100.0,5.79,69300.0,5.8,60200.0,1776000
5.75,4700.0,5.74,37700.0,5.73,43100.0,5.72,76900.0,5.71,255900.0,5.76,13800.0,5.77,30100.0,5.78,27100.0,5.79,69300.0,5.8,60200.0,1782000
5.75,4700.0,5.74,39700.0,5.73,43100.0,5.72,76900.0,5.71,255900.0,5.76,13800.0,5.77,30100.0,5.78,27100.0,5.79,69300.0,5.8,60200.0,1791000
5.75,4800.0,5.74,39700.0,5.73,43100.0,5.72,76900.0,5.71,255900.0,5.76,13800.0,5.77,30100.0,5.78,27100.0,5.79,69300.0,5.8,60200.0,1809000
5.75,7100.0,5.74,39700.0,5.73,43100.0,5.72,76900.0,5.71,255900.0,5.76,13800.0,5.77,30100.0,5.78,27100.0,5.79,69300.0,5.8,60200.0,1824000
5.75,9100.0,5.74,39700.0,5.73,43100.0,5.72,76900.0,5.71,255900.0,5.76,13800.0,5.77,30100.0,5.78,27100.0,5.79,69300.0,5.8,60200.0,1851000
5.74,39700.0,5.73,43100.0,5.72,76900.0,5.71,255900.0,5.7,105700.0,5.75,8900.0,5.76,13800.0,5.77,30100.0,5.78,27100.0,5.79,69300.0,1857000
5.74,39700.0,5.73,43100.0,5.72,76900.0,5.71,255900.0,5.7,105700.0,5.75,8400.0,5.76,13800.0,5.77,30100.0,5.78,27100.0,5.79,69300.0,1872000
5.74,39700.0,5.73,43100.0,5.72,76900.0,5.71,255900.0,5.7,105700.0,5.75,4400.0,5.76,13800.0,5.77,30100.0,5.78,27100.0,5.79,69300.0,1887000
5.74,39700.0,5.73,43100.0,5.72,76900.0,5.71,255900.0,5.7,105700.0,5.75,4400.0,5.76,13900.0,5.77,30100.0,5.78,27100.0,5.79,69300.0,1905000
5.74,39700.0,5.73,48400.0,5.72,76900.0,5.71,255900.0,5.7,105700.0,5.75,20400.0,5.76,13900.0,5.77,30100.0,5.78,27100.0,5.79,69300.0,1908000
5.74,39700.0,5.73,48400.0,5.72,76900.0,5.71,255900.0,5.7,105700.0,5.75,20300.0,5.76,13900.0,5.77,30100.0,5.78,27100.0,5.79,69300.0,1926000
5.74,39500.0,5.73,48400.0,5.72,76900.0,5.71,255900.0,5.7,105700.0,5.75,20300.0,5.76,13900.0,5.77,30100.0,5.78,27100.0,5.79,69300.0,1935000
5.74,39500.0,5.73,48400.0,5.72,76900.0,5.71,255900.0,5.7,105700.0,5.75,20300.0,5.76,13900.0,5.77,30100.0,5.78,27100.0,5.79,69300.0,1944000
5.74,39500.0,5.73,48400.0,5.72,76900.0,5.71,255900.0,5.7,122700.0,5.75,20300.0,5.76,13900.0,5.77,30100.0,5.78,27100.0,5.79,69300.0,1950000
5.74,39200.0,5.73,47900.0,5.72,76900.0,5.71,255900.0,5.7,122700.0,5.75,20300.0,5.76,13900.0,5.77,30100.0,5.78,27100.0,5.79,69300.0,1962000
5.74,40500.0,5.73,47900.0,5.72,76900.0,5.71,255900.0,5.7,122700.0,5.75,20300.0,5.76,13900.0,5.77,30100.0,5.78,27100.0,5.79,69300.0,1971000
5.74,41500.0,5.73,47900.0,5.72,76900.0,5.71,255900.0,5.7,122700.0,5.75,20300.0,5.76,13900.0,5.77,30100.0,5.78,27100.0,5.79,69300.0,1974000
5.74,41500.0,5.73,47900.0,5.72,77900.0,5.71,255900.0,5.7,122700.0,5.75,20300.0,5.76,13900.0,5.77,30100.0,5.78,27100.0,5.79,69300.0,1977000
5.74,39500.0,5.73,47900.0,5.72,77900.0,5.71,255900.0,5.7,122700.0,5.75,20300.0,5.76,13900.0,5.77,30100.0,5.78,27100.0,5.79,69300.0,2007000
5.74,39900.0,5.73,47900.0,5.72,77900.0,5.71,255900.0,5.7,122700.0,5.75,20300.0,5.76,13900.0,5.77,30100.0,5.78,27100.0,5.79,69300.0,2013000
5.74,41900.0,5.73,47900.0,5.72,77900.0,5.71,255900.0,5.7,122700.0,5.75,20300.0,5.76,13900.0,5.77,30100.0,5.78,27100.0,5.79,69300.0,2025000
5.74,41900.0,5.73,48000.0,5.72,77900.0,5.71,255900.0,5.7,122700.0,5.75,20300.0,5.76,13900.0,5.77,30100.0,5.78,27100.0,5.79,69300.0,2055000
5.74,41900.0,5.73,48000.0,5.72,88700.0,5.71,255900.0,5.7,122700.0,5.75,20300.0,5.76,13900.0,5.77,30100.0,5.78,27100.0,5.79,69300.0,2061000
5.74,41500.0,5.73,48000.0,5.72,90700.0,5.71,255900.0,5.7,122700.0,5.75,20300.0,5.76,13900.0,5.77,30100.0,5.78,27100.0,5.79,69300.0,2064000
5.74,41500.0,5.73,48000.0,5.72,90700.0,5.71,255900.0,5.7,122700.0,5.75,20300.0,5.76,13900.0,5.77,30100.0,5.78,27100.0,5.79,69300.0,2067000
5.74,41500.0,5.73,48000.0,5.72,90700.0,5.71,255900.0,5.7,122700.0,5.75,20300.0,5.76,13900.0,5.77,30100.0,5.78,27100.0,5.79,69300.0,2079000
5.74,41500.0,5.73,53000.0,5.72,90700.0,5.71,255900.0,5.7,122700.0,5.75,20300.0,5.76,13900.0,5.77,30100.0,5.78,27100.0,5.79,69300.0,2097000
5.74,41500.0,5.73,53000.0,5.72,89900.0,5.71,255900.0,5.7,122700.0,5.75,20300.0,5.76,13900.0,5.77,30100.0,5.78,27100.0,5.79,69300.0,2109000
5.74,41500.0,5.73,53000.0,5.72,89900.0,5.71,255900.0,5.7,122700.0,5.75,20300.0,5.76,13900.0,5.77,30100.0,5.78,27100.0,5.79,69300.0,2115000
5.74,45200.0,5.73,53000.0,5.72,89900.0,5.71,255900.0,5.7,122700.0,5.75,10300.0,5.76,13900.0,5.77,30100.0,5.78,27100.0,5.79,69300.0,2118000
5.74,45200.0,5.73,53000.0,5.72,89900.0,5.71,255900.0,5.7,123200.0,5.75,700.0,5.76,13900.0,5.77,30100.0,5.78,27100.0,5.79,69300.0,2127000
5.74,44800.0,5.73,53000.0,5.72,89900.0,5.71,255900.0,5.7,123200.0,5.75,300.0,5.76,13900.0,5.77,30100.0,5.78,27100.0,5.79,69300.0,2130000
5.74,44800.0,5.73,53000.0,5.72,89900.0,5.71,255900.0,5.7,123200.0,5.75,300.0,5.76,13900.0,5.77,25100.0,5.78,27100.0,5.79,69300.0,2133000
5.74,44800.0,5.73,53000.0,5.72,89900.0,5.71,255900.0,5.7,123200.0,5.75,300.0,5.76,13900.0,5.77,25100.0,5.78,27100.0,5.79,69300.0,2136000
5.75,300.0,5.74,44100.0,5.73,53000.0,5.72,89900.0,5.71,255900.0,5.76,13900.0,5.77,25100.0,5.78,27100.0,5.79,69300.0,5.8,55200.0,2139000
5.75,300.0,5.74,44100.0,5.73,53000.0,5.72,94900.0,5.71,255900.0,5.76,13900.0,5.77,25100.0,5.78,27100.0,5.79,69300.0,5.8,55200.0,2142000
5.75,1300.0,5.74,44100.0,5.73,53000.0,5.72,94900.0,5.71,255900.0,5.76,13900.0,5.77,25100.0,5.78,27100.0,5.79,69300.0,5.8,55200.0,2145000
5.75,1300.0,5.74,44100.0,5.73,53000.0,5.72,94900.0,5.71,236000.0,5.76,13900.0,5.77,25100.0,5.78,27100.0,5.79,69300.0,5.8,55200.0,2148000
5.74,41500.0,5.73,53000.0,5.72,94900.0,5.71,236000.0,5.7,123200.0,5.76,13900.0,5.77,25100.0,5.78,27100.0,5.79,69300.0,5.8,55200.0,2154000
5.74,41500.0,5.73,53000.0,5.72,94900.0,5.71,236000.0,5.7,123200.0,5.76,13900.0,5.77,25100.0,5.78,27000.0,5.79,69300.0,5.8,55200.0,2160000
5.74,41700.0,5.73,53000.0,5.72,94900.0,5.71,236000.0,5.7,123200.0,5.76,13900.0,5.77,25100.0,5.78,27000.0,5.79,69300.0,5.8,55200.0,2187000
5.74,41700.0,5.73,53000.0,5.72,94900.0,5.71,236000.0,5.7,123200.0,5.76,14200.0,5.77,25100.0,5.78,27000.0,5.79,69300.0,5.8,55200.0,2190000
5.75,200.0,5.74,41700.0,5.73,53000.0,5.72,99900.0,5.71,236000.0,5.76,14200.0,5.77,25100.0,5.78,27000.0,5.79,69300.0,5.8,55200.0,2193000
5.74,41700.0,5.73,53000.0,5.72,99900.0,5.71,236000.0,5.7,123200.0,5.75,800.0,5.76,14200.0,5.77,25100.0,5.78,27000.0,5.79,69300.0,2196000
5.74,41700.0,5.73,56000.0,5.72,99900.0,5.71,236000.0,5.7,123200.0,5.75,800.0,5.76,14200.0,5.77,25100.0,5.78,27000.0,5.79,69300.0,2199000
5.74,41700.0,5.73,56000.0,5.72,99900.0,5.71,236000.0,5.7,123200.0,5.76,14200.0,5.77,25100.0,5.78,27000.0,5.79,69300.0,5.8,55200.0,2202000
5.75,4900.0,5.74,41700.0,5.73,56000.0,5.72,99900.0,5.71,236000.0,5.76,14200.0,5.77,25100.0,5.78,27000.0,5.79,69300.0,5.8,55200.0,2217000
5.75,4900.0,5.74,41300.0,5.73,56000.0,5.72,99900.0,5.71,236000.0,5.76,14200.0,5.77,25100.0,5.78,27000.0,5.79,69300.0,5.8,55200.0,2229000
5.75,4900.0,5.74,41300.0,5.73,56000.0,5.72,99900.0,5.71,236000.0,5.76,14200.0,5.77,25100.0,5.78,27000.0,5.79,69300.0,5.8,55200.0,2238000
5.75,4900.0,5.74,41300.0,5.73,56000.0,5.72,110600.0,5.71,236000.0,5.76,14200.0,5.77,25100.0,5.78,27000.0,5.79,69300.0,5.8,55200.0,2247000
5.74,41300.0,5.73,56000.0,5.72,110600.0,5.71,236000.0,5.7,123200.0,5.75,5100.0,5.76,14200.0,5.77,25100.0,5.78,27000.0,5.79,69300.0,2250000
5.74,41300.0,5.73,56000.0,5.72,110600.0,5.71,236000.0,5.7,123200.0,5.75,3100.0,5.76,14200.0,5.77,25100.0,5.78,27000.0,5.79,69300.0,2256000
5.74,41300.0,5.73,56000.0,5.72,110600.0,5.71,236000.0,5.7,123200.0,5.75,3100.0,5.76,14200.0,5.77,25100.0,5.78,27000.0,5.79,69300.0,2259000
5.74,41300.0,5.73,56000.0,5.72,110600.0,5.71,236000.0,5.7,123200.0,5.75,2700.0,5.76,14200.0,5.77,25100.0,5.78,27000.0,5.79,69300.0,2262000
5.74,41300.0,5.73,56000.0,5.72,110600.0,5.71,236000.0,5.7,125600.0,5.75,2700.0,5.76,14200.0,5.77,25100.0,5.78,27000.0,5.79,69300.0,2268000
5.74,41300.0,5.73,56000.0,5.72,110600.0,5.71,236000.0,5.7,125600.0,5.75,2700.0,5.76,14200.0,5.77,25100.0,5.78,27000.0,5.79,69300.0,2283000
5.74,40300.0,5.73,56000.0,5.72,110600.0,5.71,236000.0,5.7,125600.0,5.75,2700.0,5.76,14200.0,5.77,25100.0,5.78,27000.0,5.79,69300.0,2289000
5.74,40300.0,5.73,56000.0,5.72,110600.0,5.71,236000.0,5.7,125600.0,5.75,2700.0,5.76,14200.0,5.77,25100.0,5.78,27000.0,5.79,69300.0,2304000
5.74,40300.0,5.73,71000.0,5.72,110600.0,5.71,236000.0,5.7,125600.0,5.75,2700.0,5.76,14200.0,5.77,25100.0,5.78,27000.0,5.79,69300.0,2307000
5.74,40300.0,5.73,76000.0,5.72,110600.0,5.71,236000.0,5.7,125600.0,5.75,2700.0,5.76,14200.0,5.77,25100.0,5.78,27000.0,5.79,69300.0,2313000
5.74,40300.0,5.73,76400.0,5.72,110600.0,5.71,236000.0,5.7,125600.0,5.75,2700.0,5.76,14200.0,5.77,25100.0,5.78,27000.0,5.79,69300.0,2328000
5.74,40300.0,5.73,76400.0,5.72,110600.0,5.71,236000.0,5.7,126100.0,5.75,2700.0,5.76,14200.0,5.77,25100.0,5.78,27000.0,5.79,69300.0,2331000
5.74,40300.0,5.73,76400.0,5.72,110600.0,5.71,236000.0,5.7,126100.0,5.76,14200.0,5.77,25100.0,5.78,27000.0,5.79,69300.0,5.8,55200.0,2334000
5.74,40300.0,5.73,86000.0,5.72,110600.0,5.71,236000.0,5.7,126100.0,5.76,14200.0,5.77,25100.0,5.78,27000.0,5.79,69300.0,5.8,55200.0,2337000
5.74,37600.0,5.73,85000.0,5.72,110600.0,5.71,236000.0,5.7,126100.0,5.76,14200.0,5.77,25100.0,5.78,27000.0,5.79,69300.0,5.8,55200.0,2346000
5.74,37600.0,5.73,85000.0,5.72,110600.0,5.71,236000.0,5.7,126100.0,5.76,14200.0,5.77,25100.0,5.78,28100.0,5.79,69300.0,5.8,55200.0,2349000
5.74,38600.0,5.73,85000.0,5.72,110600.0,5.71,236000.0,5.7,126100.0,5.76,14200.0,5.77,25100.0,5.78,28100.0,5.79,69300.0,5.8,55200.0,2358000
5.74,39600.0,5.73,85000.0,5.72,110600.0,5.71,236000.0,5.7,126100.0,5.76,14200.0,5.77,25100.0,5.78,28100.0,5.79,69300.0,5.8,55200.0,2364000
5.74,42100.0,5.73,85000.0,5.72,110600.0,5.71,236000.0,5.7,126100.0,5.76,14200.0,5.77,25100.0,5.78,28100.0,5.79,69300.0,5.8,55200.0,2370000
5.74,32100.0,5.73,85000.0,5.72,110600.0,5.71,236000.0,5.7,126100.0,5.76,14200.0,5.77,25100.0,5.78,28100.0,5.79,69300.0,5.8,55200.0,2388000
5.74,2800.0,5.73,85000.0,5.72,110600.0,5.71,236000.0,5.7,126500.0,5.76,14200.0,5.77,25100.0,5.78,28100.0,5.79,69300.0,5.8,55200.0,2391000
5.74,2800.0,5.73,85000.0,5.72,110600.0,5.71,236000.0,5.7,126500.0,5.76,14200.0,5.77,25100.0,5.78,28100.0,5.79,69300.0,5.8,55200.0,2400000
5.74,2800.0,5.73,85000.0,5.72,110600.0,5.71,236000.0,5.7,126500.0,5.75,3500.0,5.76,14200.0,5.77,25100.0,5.78,28100.0,5.79,69300.0,2403000
5.73,85000.0,5.72,110600.0,5.71,236000.0,5.7,126500.0,5.69,61000.0,5.75,3500.0,5.76,14200.0,5.77,25100.0,5.78,28100.0,5.79,69300.0,2412000
5.74,200.0,5.73,85000.0,5.72,115600.0,5.71,236000.0,5.7,126500.0,5.75,3500.0,5.76,14200.0,5.77,25100.0,5.78,28100.0,5.79,69300.0,2424000
5.74,200.0,5.73,85000.0,5.72,115600.0,5.71,233000.0,5.7,126500.0,5.75,3500.0,5.76,14200.0,5.77,25100.0,5.78,28100.0,5.79,69300.0,2433000
5.73,85000.0,5.72,115600.0,5.71,233000.0,5.7,126500.0,5.69,61000.0,5.74,4800.0,5.75,3500.0,5.76,14200.0,5.77,25100.0,5.78,28100.0,2436000
5.73,85000.0,5.72,115600.0,5.71,233000.0,5.7,126500.0,5.69,61000.0,5.75,3500.0,5.76,14200.0,5.77,25100.0,5.78,28100.0,5.79,69300.0,2442000
5.73,85900.0,5.72,115600.0,5.71,233000.0,5.7,126500.0,5.69,61000.0,5.75,3500.0,5.76,14200.0,5.77,25100.0,5.78,28100.0,5.79,69300.0,2451000
5.74,4300.0,5.73,85900.0,5.72,115600.0,5.71,233000.0,5.7,126500.0,5.75,3500.0,5.76,14200.0,5.77,25100.0,5.78,28100.0,5.79,69300.0,2457000
5.74,4300.0,5.73,85900.0,5.72,115600.0,5.71,233000.0,5.7,126500.0,5.75,8300.0,5.76,14200.0,5.77,25100.0,5.78,28100.0,5.79,69300.0,2460000
5.74,4300.0,5.73,85900.0,5.72,115600.0,5.71,233000.0,5.7,126500.0,5.75,8300.0,5.76,14200.0,5.77,25100.0,5.78,27000.0,5.79,69300.0,2469000
5.74,4300.0,5.73,85900.0,5.72,117100.0,5.71,233000.0,5.7,126500.0,5.75,8300.0,5.76,14200.0,5.77,25100.0,5.78,27000.0,5.79,69300.0,2481000
5.74,4300.0,5.73,85900.0,5.72,117100.0,5.71,233000.0,5.7,126500.0,5.75,8300.0,5.76,14200.0,5.77,25100.0,5.78,27000.0,5.79,69300.0,2490000
5.74,54300.0,5.73,85900.0,5.72,117100.0,5.71,233000.0,5.7,126500.0,5.75,8300.0,5.76,14200.0,5.77,25100.0,5.78,27000.0,5.79,69300.0,2511000
5.74,53000.0,5.73,85900.0,5.72,117100.0,5.71,233000.0,5.7,126500.0,5.75,8300.0,5.76,14200.0,5.77,25100.0,5.78,27000.0,5.79,69300.0,2523000
5.74,53000.0,5.73,85900.0,5.72,117100.0,5.71,233000.0,5.7,126500.0,5.75,8100.0,5.76,14200.0,5.77,25100.0,5.78,27000.0,5.79,69300.0,2526000
5.74,53000.0,5.73,85100.0,5.72,117100.0,5.71,233000.0,5.7,126500.0,5.75,8100.0,5.76,14200.0,5.77,25100.0,5.78,27000.0,5.79,69300.0,2538000
5.75,1900.0,5.74,53000.0,5.73,85100.0,5.72,117100.0,5.71,233000.0,5.76,14200.0,5.77,25100.0,5.78,27000.0,5.79,69300.0,5.8,55200.0,2544000
5.75,4800.0,5.74,53000.0,5.73,85100.0,5.72,117100.0,5.71,233000.0,5.76,14200.0,5.77,25100.0,5.78,27000.0,5.79,69300.0,5.8,55200.0,2550000
5.74,54000.0,5.73,85100.0,5.72,117100.0,5.71,233000.0,5.7,126500.0,5.75,200.0,5.76,14200.0,5.77,25100.0,5.78,27000.0,5.79,69300.0,2556000
5.75,9800.0,5.74,54000.0,5.73,85100.0,5.72,117100.0,5.71,233000.0,5.76,14200.0,5.77,25100.0,5.78,27000.0,5.79,69300.0,5.8,55200.0,2565000
5.75,10500.0,5.74,54000.0,5.73,85100.0,5.72,117100.0,5.71,233000.0,5.76,14200.0,5.77,25100.0,5.78,27000.0,5.79,69300.0,5.8,55200.0,2571000
5.75,10500.0,5.74,54000.0,5.73,85100.0,5.72,117100.0,5.71,233000.0,5.76,14100.0,5.77,25100.0,5.78,27000.0,5.79,69300.0,5.8,55200.0,2589000
5.75,5500.0,5.74,54000.0,5.73,85100.0,5.72,117100.0,5.71,233000.0,5.76,14100.0,5.77,25100.0,5.78,27000.0,5.79,69300.0,5.8,55200.0,2595000
5.75,5700.0,5.74,54000.0,5.73,85100.0,5.72,117100.0,5.71,233000.0,5.76,14100.0,5.77,25100.0,5.78,27000.0,5.79,69300.0,5.8,55200.0,2616000
5.75,5900.0,5.74,54000.0,5.73,85100.0,5.72,117100.0,5.71,233000.0,5.76,14100.0,5.77,25100.0,5.78,27000.0,5.79,69300.0,5.8,55200.0,2625000
5.75,5900.0,5.74,54000.0,5.73,85100.0,5.72,117100.0,5.71,233000.0,5.76,14100.0,5.77,25100.0,5.78,27000.0,5.79,69300.0,5.8,55200.0,2637000
5.75,5900.0,5.74,54000.0,5.73,85100.0,5.72,117100.0,5.71,233000.0,5.76,14100.0,5.77,25100.0,5.78,27000.0,5.79,69300.0,5.8,55200.0,2643000
5.75,6000.0,5.74,54000.0,5.73,85100.0,5.72,117100.0,5.71,233000.0,5.76,14100.0,5.77,25100.0,5.78,27000.0,5.79,69300.0,5.8,55200.0,2646000
5.75,6000.0,5.74,54000.0,5.73,85100.0,5.72,117100.0,5.71,233000.0,5.76,22100.0,5.77,25100.0,5.78,27000.0,5.79,69300.0,5.8,55200.0,2658000
5.75,6000.0,5.74,54000.0,5.73,85100.0,5.72,117100.0,5.71,233000.0,5.76,22100.0,5.77,25100.0,5.78,27000.0,5.79,69300.0,5.8,55200.0,2685000
5.74,54000.0,5.73,85100.0,5.72,118100.0,5.71,233000.0,5.7,126500.0,5.75,4000.0,5.76,22100.0,5.77,25100.0,5.78,27000.0,5.79,69300.0,2697000
5.74,54000.0,5.73,95100.0,5.72,118100.0,5.71,233000.0,5.7,126500.0,5.75,4000.0,5.76,22100.0,5.77,25100.0,5.78,27000.0,5.79,69300.0,2703000
5.74,54000.0,5.73,95100.0,5.72,118100.0,5.71,233000.0,5.7,126500.0,5.75,4000.0,5.76,22100.0,5.77,25100.0,5.78,27000.0,5.79,69300.0,2718000
5.74,54000.0,5.73,99600.0,5.72,118100.0,5.71,233000.0,5.7,126500.0,5.75,4000.0,5.76,22100.0,5.77,25100.0,5.78,27000.0,5.79,69300.0,2730000
5.74,54000.0,5.73,99600.0,5.72,118100.0,5.71,233000.0,5.7,126500.0,5.75,4000.0,5.76,14100.0,5.77,25100.0,5.78,27000.0,5.79,69300.0,2733000
5.74,51000.0,5.73,99600.0,5.72,118100.0,5.71,233000.0,5.7,126500.0,5.75,4000.0,5.76,14100.0,5.77,25100.0,5.78,27000.0,5.79,69300.0,2760000
5.74,47000.0,5.73,99600.0,5.72,118100.0,5.71,233000.0,5.7,126500.0,5.75,4000.0,5.76,14100.0,5.77,25100.0,5.78,27000.0,5.79,69300.0,2778000
5.74,46300.0,5.73,99600.0,5.72,118100.0,5.71,233000.0,5.7,126500.0,5.75,4000.0,5.76,14100.0,5.77,25100.0,5.78,27000.0,5.79,69300.0,2793000
5.74,46300.0,5.73,120100.0,5.72,118100.0,5.71,233000.0,5.7,126500.0,5.75,4000.0,5.76,14100.0,5.77,25100.0,5.78,27000.0,5.79,69300.0,2808000
5.74,46700.0,5.73,120100.0,5.72,118100.0,5.71,233000.0,5.7,126500.0,5.75,4000.0,5.76,14100.0,5.77,25100.0,5.78,27000.0,5.79,69300.0,2820000
5.74,46700.0,5.73,120100.0,5.72,118100.0,5.71,233000.0,5.7,126500.0,5.75,4000.0,5.76,14100.0,5.77,25100.0,5.78,27000.0,5.79,73400.0,2829000
5.74,46700.0,5.73,120100.0,5.72,118100.0,5.71,233000.0,5.7,126500.0,5.75,900.0,5.76,15200.0,5.77,25100.0,5.78,27000.0,5.79,73400.0,2853000
5.74,45600.0,5.73,120100.0,5.72,118100.0,5.71,233000.0,5.7,126500.0,5.75,900.0,5.76,15200.0,5.77,25100.0,5.78,27000.0,5.79,73400.0,2868000
5.74,41600.0,5.73,121100.0,5.72,118100.0,5.71,233000.0,5.7,126500.0,5.75,900.0,5.76,15200.0,5.77,25100.0,5.78,27000.0,5.79,73400.0,2871000
5.74,41600.0,5.73,121100.0,5.72,118100.0,5.71,233000.0,5.7,126500.0,5.75,5900.0,5.76,15200.0,5.77,25100.0,5.78,27000.0,5.79,73400.0,2904000
5.74,41600.0,5.73,121100.0,5.72,118100.0,5.71,233000.0,5.7,126500.0,5.75,5900.0,5.76,15200.0,5.77,25100.0,5.78,27000.0,5.79,73400.0,2910000
5.75,4500.0,5.74,41600.0,5.73,121100.0,5.72,118100.0,5.71,233000.0,5.76,15200.0,5.77,25100.0,5.78,27000.0,5.79,73400.0,5.8,101100.0,2916000
5.75,4300.0,5.74,41600.0,5.73,121100.0,5.72,118100.0,5.71,233000.0,5.76,15200.0,5.77,25100.0,5.78,27000.0,5.79,73400.0,5.8,101100.0,2928000
5.75,2300.0,5.74,41600.0,5.73,121100.0,5.72,118100.0,5.71,233000.0,5.76,15200.0,5.77,25100.0,5.78,27000.0,5.79,73400.0,5.8,101100.0,2940000
5.74,61600.0,5.73,121100.0,5.72,118100.0,5.71,232800.0,5.7,126500.0,5.76,15200.0,5.77,25100.0,5.78,27000.0,5.79,73400.0,5.8,101100.0,2943000
5.74,61600.0,5.73,121100.0,5.72,118100.0,5.71,232800.0,5.7,126500.0,5.76,14100.0,5.77,25100.0,5.78,27000.0,5.79,73400.0,5.8,101100.0,2946000
5.74,61600.0,5.73,121100.0,5.72,118100.0,5.71,232800.0,5.7,126500.0,5.75,300.0,5.76,14100.0,5.77,25100.0,5.78,27000.0,5.79,73400.0,2961000
5.74,61600.0,5.73,121100.0,5.72,118100.0,5.71,232800.0,5.7,126500.0,5.75,300.0,5.76,14100.0,5.77,25100.0,5.78,27000.0,5.79,73400.0,2964000
5.74,61600.0,5.73,121100.0,5.72,118100.0,5.71,232800.0,5.7,126500.0,5.75,1400.0,5.76,19100.0,5.77,25100.0,5.78,27000.0,5.79,73400.0,2973000
5.74,61600.0,5.73,121100.0,5.72,118200.0,5.71,232800.0,5.7,126500.0,5.75,1400.0,5.76,19100.0,5.77,25100.0,5.78,27000.0,5.79,73400.0,3000000
5.74,66600.0,5.73,121100.0,5.72,118200.0,5.71,232800.0,5.7,126500.0,5.75,1400.0,5.76,19100.0,5.77,25100.0,5.78,27000.0,5.79,73400.0,3003000
5.74,66600.0,5.73,121100.0,5.72,118200.0,5.71,232800.0,5.7,126500.0,5.75,1500.0,5.76,19100.0,5.77,25100.0,5.78,27000.0,5.79,73400.0,3006000
5.74,66600.0,5.73,121100.0,5.72,118200.0,5.71,232800.0,5.7,126500.0,5.75,1500.0,5.76,19100.0,5.77,25100.0,5.78,27000.0,5.79,73400.0,3015000
5.75,18500.0,5.74,66600.0,5.73,121100.0,5.72,118200.0,5.71,232800.0,5.76,19100.0,5.77,25100.0,5.78,27000.0,5.79,73400.0,5.8,101100.0,3018000
5.75,18500.0,5.74,66600.0,5.73,116100.0,5.72,118200.0,5.71,232800.0,5.76,19100.0,5.77,25100.0,5.78,27000.0,5.79,73400.0,5.8,101100.0,3030000
5.75,13500.0,5.74,66600.0,5.73,116100.0,5.72,118200.0,5.71,232800.0,5.76,19100.0,5.77,25100.0,5.78,27000.0,5.79,73400.0,5.8,101100.0,3036000
5.75,13500.0,5.74,66600.0,5.73,116100.0,5.72,118200.0,5.71,232800.0,5.76,19100.0,5.77,25100.0,5.78,27000.0,5.79,73400.0,5.8,101100.0,3069000
5.75,13500.0,5.74,66600.0,5.73,116100.0,5.72,118200.0,5.71,232800.0,5.76,19100.0,5.77,25100.0,5.78,27000.0,5.79,74400.0,5.8,101100.0,3081000
5.75,11500.0,5.74,66600.0,5.73,116100.0,5.72,118200.0,5.71,232800.0,5.76,19100.0,5.77,25100.0,5.78,27000.0,5.79,74400.0,5.8,101100.0,3096000
5.75,11500.0,5.74,66600.0,5.73,116100.0,5.72,118200.0,5.71,232800.0,5.76,14100.0,5.77,25100.0,5.78,27000.0,5.79,74400.0,5.8,101100.0,3102000
5.75,11500.0,5.74,66600.0,5.73,116100.0,5.72,117200.0,5.71,232800.0,5.76,14100.0,5.77,25100.0,5.78,27000.0,5.79,74400.0,5.8,101100.0,3108000
5.75,11300.0,5.74,66600.0,5.73,116100.0,5.72,117200.0,5.71,232800.0,5.76,14100.0,5.77,25100.0,5.78,27000.0,5.79,74400.0,5.8,101100.0,3114000
5.75,11300.0,5.74,66600.0,5.73,116100.0,5.72,117200.0,5.71,232800.0,5.76,14200.0,5.77,25100.0,5.78,27000.0,5.79,74400.0,5.8,101100.0,3129000
5.75,11300.0,5.74,66600.0,5.73,117100.0,5.72,117200.0,5.71,232800.0,5.76,14200.0,5.77,25100.0,5.78,27000.0,5.79,74400.0,5.8,101100.0,3132000
5.75,8300.0,5.74,66600.0,5.73,117100.0,5.72,117200.0,5.71,232800.0,5.76,14200.0,5.77,25100.0,5.78,27000.0,5.79,74400.0,5.8,101100.0,3135000
5.75,8300.0,5.74,66600.0,5.73,117100.0,5.72,118000.0,5.71,232800.0,5.76,14200.0,5.77,25100.0,5.78,27000.0,5.79,74400.0,5.8,101100.0,3141000
5.75,8300.0,5.74,81300.0,5.73,117100.0,5.72,118000.0,5.71,232800.0,5.76,14200.0,5.77,25100.0,5.78,27000.0,5.79,74400.0,5.8,101100.0,3153000
5.75,8300.0,5.74,81300.0,5.73,117100.0,5.72,118000.0,5.71,232800.0,5.76,4200.0,5.77,25100.0,5.78,27000.0,5.79,74400.0,5.8,101100.0,3156000
5.75,8300.0,5.74,81300.0,5.73,117500.0,5.72,118000.0,5.71,232800.0,5.76,4200.0,5.77,25100.0,5.78,27000.0,5.79,74400.0,5.8,101100.0,3159000
5.75,8300.0,5.74,81300.0,5.73,117500.0,5.72,118000.0,5.71,232800.0,5.76,4200.0,5.77,25100.0,5.78,27000.0,5.79,74400.0,5.8,101100.0,3162000
5.75,8300.0,5.74,81300.0,5.73,117500.0,5.72,118000.0,5.71,232800.0,5.76,4200.0,5.77,25100.0,5.78,27000.0,5.79,74500.0,5.8,101100.0,3165000
5.75,8300.0,5.74,81300.0,5.73,117500.0,5.72,118000.0,5.71,232800.0,5.76,3900.0,5.77,25100.0,5.78,27000.0,5.79,74500.0,5.8,101100.0,3168000
5.75,7800.0,5.74,81300.0,5.73,117500.0,5.72,118000.0,5.71,232800.0,5.76,3900.0,5.77,25100.0,5.78,27000.0,5.79,74500.0,5.8,101100.0,3189000
5.75,7800.0,5.74,81300.0,5.73,117500.0,5.72,118000.0,5.71,232900.0,5.76,3900.0,5.77,25100.0,5.78,27000.0,5.79,74500.0,5.8,101100.0,3201000
5.75,7800.0,5.74,81300.0,5.73,117500.0,5.72,118000.0,5.71,232900.0,5.76,3900.0,5.77,25100.0,5.78,27000.0,5.79,74500.0,5.8,101100.0,3210000
5.75,9700.0,5.74,81300.0,5.73,117500.0,5.72,118000.0,5.71,232900.0,5.76,3900.0,5.77,25100.0,5.78,27000.0,5.79,74500.0,5.8,101100.0,3213000
5.75,11200.0,5.74,81300.0,5.73,117500.0,5.72,118000.0,5.71,232900.0,5.76,3900.0,5.77,25100.0,5.78,27000.0,5.79,74500.0,5.8,101100.0,3219000
5.75,11300.0,5.74,81300.0,5.73,117500.0,5.72,118000.0,5.71,232900.0,5.76,3900.0,5.77,25100.0,5.78,27000.0,5.79,74500.0,5.8,101100.0,3231000
5.75,11300.0,5.74,81300.0,5.73,117500.0,5.72,118000.0,5.71,232900.0,5.76,3900.0,5.77,25100.0,5.78,27000.0,5.79,75800.0,5.8,101100.0,3234000
5.75,5400.0,5.74,81300.0,5.73,117500.0,5.72,118000.0,5.71,232900.0,5.76,3900.0,5.77,25100.0,5.78,27000.0,5.79,75800.0,5.8,101100.0,3237000
5.75,5400.0,5.74,81300.0,5.73,117500.0,5.72,118000.0,5.71,232900.0,5.76,3800.0,5.77,25100.0,5.78,27000.0,5.79,75800.0,5.8,101100.0,3246000
5.75,5400.0,5.74,81400.0,5.73,117500.0,5.72,118000.0,5.71,232900.0,5.76,3800.0,5.77,25100.0,5.78,27000.0,5.79,75800.0,5.8,101100.0,3249000
5.75,5400.0,5.74,81400.0,5.73,117500.0,5.72,118000.0,5.71,232900.0,5.76,3800.0,5.77,28700.0,5.78,27000.0,5.79,75800.0,5.8,101100.0,3258000
5.75,5400.0,5.74,81400.0,5.73,117500.0,5.72,118000.0,5.71,232900.0,5.76,3800.0,5.77,28700.0,5.78,27000.0,5.79,75800.0,5.8,101100.0,3261000
5.75,5400.0,5.74,81400.0,5.73,117500.0,5.72,118000.0,5.71,232900.0,5.76,3800.0,5.77,28700.0,5.78,27000.0,5.79,75800.0,5.8,101100.0,3267000
5.75,5400.0,5.74,81400.0,5.73,117500.0,5.72,118000.0,5.71,232900.0,5.76,3800.0,5.77,28700.0,5.78,27000.0,5.79,75800.0,5.8,101100.0,3270000
5.75,15400.0,5.74,81400.0,5.73,117500.0,5.72,118000.0,5.71,232900.0,5.76,3800.0,5.77,28700.0,5.78,27000.0,5.79,75800.0,5.8,101100.0,3273000
5.75,15300.0,5.74,81400.0,5.73,117500.0,5.72,118000.0,5.71,232900.0,5.76,3800.0,5.77,28700.0,5.78,27000.0,5.79,75800.0,5.8,101100.0,3282000
5.75,15400.0,5.74,81400.0,5.73,117500.0,5.72,118000.0,5.71,232900.0,5.76,3800.0,5.77,28700.0,5.78,27000.0,5.79,75800.0,5.8,101100.0,3321000
5.75,15400.0,5.74,84500.0,5.73,117500.0,5.72,118000.0,5.71,232900.0,5.76,3800.0,5.77,28700.0,5.78,27000.0,5.79,75800.0,5.8,101100.0,3336000
5.75,15400.0,5.74,85400.0,5.73,117500.0,5.72,118000.0,5.71,232900.0,5.76,3800.0,5.77,28700.0,5.78,27000.0,5.79,75800.0,5.8,101100.0,3348000
5.75,15400.0,5.74,85400.0,5.73,117500.0,5.72,118000.0,5.71,232900.0,5.76,3700.0,5.77,28700.0,5.78,27000.0,5.79,75800.0,5.8,101100.0,3375000
5.75,15400.0,5.74,85400.0,5.73,157500.0,5.72,118000.0,5.71,232900.0,5.76,3700.0,5.77,28700.0,5.78,27000.0,5.79,75800.0,5.8,101100.0,3447000
5.76,11200.0,5.75,15400.0,5.74,85400.0,5.73,157500.0,5.72,118000.0,5.77,28700.0,5.78,27000.0,5.79,75800.0,5.8,101100.0,5.81,35300.0,3504000
5.76,6700.0,5.75,15400.0,5.74,85400.0,5.73,157500.0,5.72,118000.0,5.77,28700.0,5.78,27000.0,5.79,75800.0,5.8,101100.0,5.81,35300.0,3513000
5.76,6700.0,5.75,15400.0,5.74,85400.0,5.73,157500.0,5.72,118000.0,5.77,28700.0,5.78,27000.0,5.79,75700.0,5.8,101100.0,5.81,35300.0,3516000
5.76,9600.0,5.75,15400.0,5.74,85400.0,5.73,156200.0,5.72,118000.0,5.77,28700.0,5.78,27000.0,5.79,75700.0,5.8,101100.0,5.81,35300.0,3543000
5.76,9600.0,5.75,15400.0,5.74,85400.0,5.73,156200.0,5.72,118000.0,5.77,27700.0,5.78,27000.0,5.79,75700.0,5.8,101100.0,5.81,35300.0,3552000
5.76,9600.0,5.75,15400.0,5.74,85400.0,5.73,156200.0,5.72,113000.0,5.77,27700.0,5.78,27000.0,5.79,75700.0,5.8,101100.0,5.81,35300.0,3567000
5.76,9600.0,5.75,15400.0,5.74,85400.0,5.73,156200.0,5.72,113000.0,5.77,25700.0,5.78,27000.0,5.79,75700.0,5.8,101100.0,5.81,35300.0,3576000
5.76,9600.0,5.75,15400.0,5.74,90400.0,5.73,156200.0,5.72,113000.0,5.77,25700.0,5.78,27000.0,5.79,75700.0,5.8,101100.0,5.81,35300.0,3591000
5.76,9600.0,5.75,15400.0,5.74,90400.0,5.73,156200.0,5.72,113000.0,5.78,27000.0,5.79,75700.0,5.8,101100.0,5.81,35300.0,5.82,12900.0,3594000
5.76,9600.0,5.75,13500.0,5.74,90400.0,5.73,156200.0,5.72,113000.0,5.78,27000.0,5.79,75700.0,5.8,101100.0,5.81,35300.0,5.82,12900.0,3615000
5.76,9600.0,5.75,13500.0,5.74,90400.0,5.73,156200.0,5.72,113000.0,5.78,27000.0,5.79,75700.0,5.8,101100.0,5.81,35300.0,5.82,12900.0,3624000
5.76,9600.0,5.75,13500.0,5.74,90000.0,5.73,156200.0,5.72,113000.0,5.78,27000.0,5.79,75700.0,5.8,101100.0,5.81,35300.0,5.82,12900.0,3639000
5.76,9600.0,5.75,13500.0,5.74,90000.0,5.73,155800.0,5.72,113000.0,5.78,27000.0,5.79,75700.0,5.8,101100.0,5.81,35300.0,5.82,12900.0,3642000
5.76,9600.0,5.75,13500.0,5.74,90000.0,5.73,155800.0,5.72,113000.0,5.78,27000.0,5.79,75700.0,5.8,101100.0,5.81,35300.0,5.82,12900.0,3663000
5.76,9600.0,5.75,13500.0,5.74,90000.0,5.73,155800.0,5.72,113000.0,5.78,27000.0,5.79,75700.0,5.8,101100.0,5.81,35300.0,5.82,12900.0,3666000
5.76,10000.0,5.75,13500.0,5.74,90000.0,5.73,155800.0,5.72,113000.0,5.78,27000.0,5.79,75700.0,5.8,101100.0,5.81,35300.0,5.82,12900.0,3678000
5.76,10000.0,5.75,13500.0,5.74,90000.0,5.73,155800.0,5.72,113000.0,5.78,30000.0,5.79,75700.0,5.8,101100.0,5.81,35300.0,5.82,12900.0,3684000
5.76,8200.0,5.75,13500.0,5.74,90000.0,5.73,155800.0,5.72,113000.0,5.78,30000.0,5.79,75700.0,5.8,101100.0,5.81,35300.0,5.82,12900.0,3702000
5.77,22500.0,5.76,8200.0,5.75,13500.0,5.74,90000.0,5.73,155800.0,5.78,30000.0,5.79,75700.0,5.8,101100.0,5.81,35300.0,5.82,12900.0,3720000
5.77,22500.0,5.76,8200.0,5.75,13500.0,5.74,90000.0,5.73,155800.0,5.78,30000.0,5.79,76700.0,5.8,101100.0,5.81,35300.0,5.82,12900.0,3723000
5.77,22500.0,5.76,8200.0,5.75,14000.0,5.74,90000.0,5.73,155800.0,5.78,30000.0,5.79,76700.0,5.8,101100.0,5.81,35300.0,5.82,12900.0,3729000
5.77,13500.0,5.76,7800.0,5.75,14000.0,5.74,90000.0,5.73,155800.0,5.78,30000.0,5.79,76700.0,5.8,101100.0,5.81,35300.0,5.82,12900.0,3765000
5.77,13500.0,5.76,7800.0,5.75,14000.0,5.74,90000.0,5.73,155800.0,5.78,26100.0,5.79,76700.0,5.8,101100.0,5.81,35300.0,5.82,12900.0,3768000
5.77,13500.0,5.76,8200.0,5.75,14000.0,5.74,90000.0,5.73,155800.0,5.78,27100.0,5.79,76700.0,5.8,101100.0,5.81,35300.0,5.82,12900.0,3777000
5.77,13500.0,5.76,8200.0,5.75,13500.0,5.74,90000.0,5.73,155800.0,5.78,28000.0,5.79,76700.0,5.8,101100.0,5.81,35300.0,5.82,12900.0,3789000
5.77,13500.0,5.76,8200.0,5.75,13500.0,5.74,90000.0,5.73,155800.0,5.78,28000.0,5.79,76700.0,5.8,101100.0,5.81,35300.0,5.82,12900.0,3795000
5.77,13500.0,5.76,8200.0,5.75,13500.0,5.74,90000.0,5.73,155800.0,5.78,28000.0,5.79,76700.0,5.8,101100.0,5.81,35300.0,5.82,12900.0,3810000
5.77,13500.0,5.76,8200.0,5.75,17100.0,5.74,90000.0,5.73,155800.0,5.78,28000.0,5.79,76700.0,5.8,101100.0,5.81,35300.0,5.82,12900.0,3813000
5.77,5000.0,5.76,8200.0,5.75,17100.0,5.74,90000.0,5.73,155800.0,5.78,27100.0,5.79,76700.0,5.8,101100.0,5.81,35300.0,5.82,12900.0,3816000
5.77,500.0,5.76,8200.0,5.75,17100.0,5.74,90000.0,5.73,155800.0,5.78,27100.0,5.79,76700.0,5.8,101100.0,5.81,35300.0,5.82,12900.0,3819000
5.77,5500.0,5.76,8200.0,5.75,17100.0,5.74,90000.0,5.73,155800.0,5.78,27100.0,5.79,76700.0,5.8,101100.0,5.81,35300.0,5.82,12900.0,3825000
5.77,5500.0,5.76,11300.0,5.75,17100.0,5.74,90000.0,5.73,155800.0,5.78,27100.0,5.79,72600.0,5.8,101100.0,5.81,35300.0,5.82,12900.0,3840000
5.77,5500.0,5.76,11300.0,5.75,17100.0,5.74,90000.0,5.73,155800.0,5.78,27100.0,5.79,72600.0,5.8,101100.0,5.81,35300.0,5.82,12900.0,3843000
5.77,4500.0,5.76,11300.0,5.75,17100.0,5.74,90000.0,5.73,155400.0,5.78,27100.0,5.79,72600.0,5.8,101100.0,5.81,35300.0,5.82,12900.0,3849000
5.76,11300.0,5.75,17100.0,5.74,90000.0,5.73,155400.0,5.72,113000.0,5.77,5500.0,5.78,27100.0,5.79,72600.0,5.8,101100.0,5.81,35300.0,3861000
5.76,11300.0,5.75,17100.0,5.74,90400.0,5.73,155400.0,5.72,113000.0,5.77,5500.0,5.78,27100.0,5.79,72600.0,5.8,101100.0,5.81,35300.0,3867000
5.76,11300.0,5.75,27100.0,5.74,90400.0,5.73,155400.0,5.72,113000.0,5.77,5500.0,5.78,27100.0,5.79,72600.0,5.8,91100.0,5.81,35300.0,3870000
5.76,11300.0,5.75,27100.0,5.74,90400.0,5.73,155400.0,5.72,113000.0,5.77,5500.0,5.78,27100.0,5.79,72600.0,5.8,91100.0,5.81,35300.0,3876000
5.77,16900.0,5.76,11300.0,5.75,27100.0,5.74,90400.0,5.73,155400.0,5.78,27100.0,5.79,72600.0,5.8,91100.0,5.81,35300.0,5.82,12900.0,3882000
5.77,16900.0,5.76,11300.0,5.75,27100.0,5.74,90400.0,5.73,155400.0,5.78,27100.0,5.79,72600.0,5.8,95200.0,5.81,35300.0,5.82,12900.0,3885000
5.77,16900.0,5.76,36300.0,5.75,27100.0,5.74,90400.0,5.73,155400.0,5.78,27100.0,5.79,72600.0,5.8,95200.0,5.81,35300.0,5.82,12900.0,3897000
5.77,16900.0,5.76,36300.0,5.75,27100.0,5.74,90400.0,5.73,155400.0,5.78,27100.0,5.79,72600.0,5.8,95200.0,5.81,35300.0,5.82,12900.0,3915000
5.77,16900.0,5.76,36300.0,5.75,27100.0,5.74,90400.0,5.73,155400.0,5.78,27100.0,5.79,72600.0,5.8,95200.0,5.81,35300.0,5.82,12900.0,3924000
5.77,16900.0,5.76,36300.0,5.75,27100.0,5.74,90400.0,5.73,155400.0,5.78,26900.0,5.79,72600.0,5.8,95200.0,5.81,35300.0,5.82,12900.0,3933000
5.77,12900.0,5.76,36300.0,5.75,27100.0,5.74,90400.0,5.73,155400.0,5.78,26900.0,5.79,72600.0,5.8,95200.0,5.81,35300.0,5.82,12900.0,3936000
5.77,12900.0,5.76,35900.0,5.75,27100.0,5.74,90400.0,5.73,155400.0,5.78,26900.0,5.79,72600.0,5.8,95200.0,5.81,35300.0,5.82,12900.0,3942000
5.77,12600.0,5.76,35900.0,5.75,27100.0,5.74,90400.0,5.73,155400.0,5.78,26900.0,5.79,72600.0,5.8,95200.0,5.81,35300.0,5.82,12900.0,3945000
5.77,13000.0,5.76,35900.0,5.75,27100.0,5.74,90400.0,5.73,155400.0,5.78,26900.0,5.79,72600.0,5.8,95200.0,5.81,35300.0,5.82,12900.0,3948000
5.77,13000.0,5.76,35900.0,5.75,27100.0,5.74,90400.0,5.73,155400.0,5.78,26800.0,5.79,72600.0,5.8,95200.0,5.81,35300.0,5.82,12900.0,3966000
5.77,13000.0,5.76,40900.0,5.75,27100.0,5.74,90400.0,5.73,155400.0,5.78,26800.0,5.79,72600.0,5.8,95200.0,5.81,35300.0,5.82,12900.0,3972000
5.77,13000.0,5.76,40900.0,5.75,27100.0,5.74,90400.0,5.73,155400.0,5.78,26800.0,5.79,72600.0,5.8,95200.0,5.81,35300.0,5.82,12900.0,3981000
5.77,13000.0,5.76,40900.0,5.75,27100.0,5.74,90400.0,5.73,155400.0,5.78,28600.0,5.79,72600.0,5.8,95200.0,5.81,35300.0,5.82,12900.0,3990000
5.77,13000.0,5.76,40900.0,5.75,27100.0,5.74,90400.0,5.73,155400.0,5.78,28600.0,5.79,72600.0,5.8,95200.0,5.81,35300.0,5.82,12900.0,4002000
5.77,13000.0,5.76,41900.0,5.75,27100.0,5.74,90400.0,5.73,155400.0,5.78,180300.0,5.79,72600.0,5.8,95200.0,5.81,35300.0,5.82,12900.0,4023000
5.77,17700.0,5.76,41900.0,5.75,27100.0,5.74,90400.0,5.73,155400.0,5.78,179800.0,5.79,72600.0,5.8,95200.0,5.81,35300.0,5.82,12900.0,4026000
5.77,17700.0,5.76,41900.0,5.75,27100.0,5.74,90400.0,5.73,155400.0,5.78,179900.0,5.79,72600.0,5.8,95200.0,5.81,35300.0,5.82,12900.0,4029000
5.77,17700.0,5.76,41900.0,5.75,27100.0,5.74,89400.0,5.73,155400.0,5.78,179900.0,5.79,72600.0,5.8,95200.0,5.81,35300.0,5.82,12900.0,4032000
5.77,17700.0,5.76,40900.0,5.75,27100.0,5.74,89400.0,5.73,155400.0,5.78,179900.0,5.79,72600.0,5.8,95200.0,5.81,35300.0,5.82,12900.0,4035000
5.77,17700.0,5.76,40900.0,5.75,27100.0,5.74,89400.0,5.73,155400.0,5.78,174600.0,5.79,72600.0,5.8,95200.0,5.81,35300.0,5.82,12900.0,4038000
5.77,17700.0,5.76,40900.0,5.75,27100.0,5.74,89400.0,5.73,155400.0,5.78,174100.0,5.79,72600.0,5.8,95200.0,5.81,35300.0,5.82,12900.0,4047000
5.77,17700.0,5.76,40900.0,5.75,27100.0,5.74,89400.0,5.73,155400.0,5.78,174100.0,5.79,72600.0,5.8,90200.0,5.81,35300.0,5.82,12900.0,4053000
5.77,17700.0,5.76,40900.0,5.75,28100.0,5.74,89400.0,5.73,155400.0,5.78,174100.0,5.79,72600.0,5.8,90200.0,5.81,35300.0,5.82,12900.0,4056000
5.77,17700.0,5.76,40900.0,5.75,28100.0,5.74,89400.0,5.73,155400.0,5.78,174100.0,5.79,72600.0,5.8,90200.0,5.81,35300.0,5.82,22900.0,4059000
5.77,17700.0,5.76,40900.0,5.75,28100.0,5.74,89400.0,5.73,155400.0,5.78,173100.0,5.79,72600.0,5.8,90200.0,5.81,35300.0,5.82,22900.0,4065000
5.77,17700.0,5.76,40900.0,5.75,28100.0,5.74,89400.0,5.73,155400.0,5.78,172200.0,5.79,72600.0,5.8,90200.0,5.81,35300.0,5.82,22900.0,4071000
5.77,17200.0,5.76,40900.0,5.75,28100.0,5.74,89400.0,5.73,155400.0,5.78,172200.0,5.79,72600.0,5.8,90200.0,5.81,35300.0,5.82,22900.0,4077000
5.77,17200.0,5.76,40900.0,5.75,28100.0,5.74,89400.0,5.73,155400.0,5.78,172100.0,5.79,72600.0,5.8,90200.0,5.81,35300.0,5.82,22900.0,4086000
5.77,12500.0,5.76,40900.0,5.75,28100.0,5.74,89400.0,5.73,155400.0,5.78,172100.0,5.79,72600.0,5.8,90200.0,5.81,35300.0,5.82,22900.0,4092000
5.77,12500.0,5.76,40900.0,5.75,28100.0,5.74,89400.0,5.73,155400.0,5.78,172100.0,5.79,72600.0,5.8,94700.0,5.81,35300.0,5.82,22900.0,4104000
5.77,13000.0,5.76,40900.0,5.75,28100.0,5.74,89400.0,5.73,155400.0,5.78,172100.0,5.79,72600.0,5.8,94700.0,5.81,35300.0,5.82,22900.0,4113000
5.77,3800.0,5.76,40900.0,5.75,28100.0,5.74,89400.0,5.73,155400.0,5.78,172100.0,5.79,72600.0,5.8,94700.0,5.81,35300.0,5.82,22900.0,4116000
5.77,16300.0,5.76,40900.0,5.75,28100.0,5.74,89400.0,5.73,155400.0,5.78,172100.0,5.79,72600.0,5.8,94700.0,5.81,35300.0,5.82,22900.0,4149000
5.77,16300.0,5.76,40900.0,5.75,28100.0,5.74,89400.0,5.73,155400.0,5.78,172100.0,5.79,72600.0,5.8,94700.0,5.81,35300.0,5.82,22900.0,4167000
5.77,16300.0,5.76,40900.0,5.75,34300.0,5.74,89400.0,5.73,155400.0,5.78,172100.0,5.79,72600.0,5.8,94700.0,5.81,35300.0,5.82,22900.0,4170000
5.77,16300.0,5.76,40900.0,5.75,34300.0,5.74,89400.0,5.73,155400.0,5.78,172100.0,5.79,72600.0,5.8,94700.0,5.81,35300.0,5.82,22900.0,4173000
5.77,16300.0,5.76,40900.0,5.75,34300.0,5.74,89400.0,5.73,155400.0,5.78,169900.0,5.79,72600.0,5.8,94700.0,5.81,35300.0,5.82,22900.0,4179000
5.77,24300.0,5.76,40900.0,5.75,34300.0,5.74,89400.0,5.73,155400.0,5.78,169900.0,5.79,72600.0,5.8,94700.0,5.81,35300.0,5.82,22900.0,4188000
5.77,16300.0,5.76,40900.0,5.75,34300.0,5.74,89400.0,5.73,155400.0,5.78,169900.0,5.79,72600.0,5.8,94700.0,5.81,35300.0,5.82,22900.0,4200000
5.77,16300.0,5.76,40900.0,5.75,34300.0,5.74,89400.0,5.73,155400.0,5.78,169900.0,5.79,72600.0,5.8,94700.0,5.81,35300.0,5.82,22900.0,4218000
5.77,16300.0,5.76,40900.0,5.75,34300.0,5.74,89400.0,5.73,165400.0,5.78,169900.0,5.79,72600.0,5.8,94700.0,5.81,36800.0,5.82,22900.0,4224000
5.77,16300.0,5.76,40900.0,5.75,34300.0,5.74,89400.0,5.73,165400.0,5.78,169900.0,5.79,72600.0,5.8,94700.0,5.81,37300.0,5.82,22900.0,4233000
5.77,16300.0,5.76,40900.0,5.75,34300.0,5.74,88500.0,5.73,165400.0,5.78,169900.0,5.79,72600.0,5.8,94700.0,5.81,37300.0,5.82,22900.0,4242000
5.77,16300.0,5.76,40900.0,5.75,34300.0,5.74,88500.0,5.73,165400.0,5.78,169900.0,5.79,72600.0,5.8,94700.0,5.81,37300.0,5.82,22900.0,4251000
5.77,16300.0,5.76,40900.0,5.75,34300.0,5.74,88500.0,5.73,165400.0,5.78,169900.0,5.79,72600.0,5.8,94700.0,5.81,37300.0,5.82,22900.0,4254000
5.77,16300.0,5.76,40900.0,5.75,34300.0,5.74,88500.0,5.73,165400.0,5.78,169900.0,5.79,72600.0,5.8,94700.0,5.81,37300.0,5.82,22900.0,4263000
5.77,11300.0,5.76,40900.0,5.75,34300.0,5.74,88500.0,5.73,165400.0,5.78,169900.0,5.79,72600.0,5.8,94700.0,5.81,37300.0,5.82,22900.0,4281000
5.77,11300.0,5.76,40900.0,5.75,34300.0,5.74,88500.0,5.73,165400.0,5.78,169900.0,5.79,72600.0,5.8,95100.0,5.81,37300.0,5.82,22900.0,4284000
5.77,11300.0,5.76,40900.0,5.75,34300.0,5.74,88500.0,5.73,165400.0,5.78,169900.0,5.79,72600.0,5.8,95100.0,5.81,37300.0,5.82,22900.0,4290000
5.77,11300.0,5.76,40900.0,5.75,34300.0,5.74,88500.0,5.73,164400.0,5.78,169900.0,5.79,72600.0,5.8,95100.0,5.81,37300.0,5.82,22900.0,4305000
5.77,11300.0,5.76,40900.0,5.75,34300.0,5.74,88500.0,5.73,164400.0,5.78,169900.0,5.79,72600.0,5.8,95100.0,5.81,37300.0,5.82,22900.0,4314000
5.76,40900.0,5.75,34300.0,5.74,88500.0,5.73,164400.0,5.72,112700.0,5.77,7900.0,5.78,169900.0,5.79,72600.0,5.8,95100.0,5.81,37300.0,4320000
5.77,23100.0,5.76,40900.0,5.75,34300.0,5.74,88500.0,5.73,164400.0,5.78,169900.0,5.79,72600.0,5.8,95100.0,5.81,37300.0,5.82,22900.0,4329000
5.77,23100.0,5.76,40900.0,5.75,34300.0,5.74,88500.0,5.73,164400.0,5.78,169900.0,5.79,72600.0,5.8,95100.0,5.81,37300.0,5.82,22900.0,4335000
5.77,3100.0,5.76,40900.0,5.75,34300.0,5.74,88500.0,5.73,164400.0,5.78,174900.0,5.79,72600.0,5.8,95100.0,5.81,37300.0,5.82,22900.0,4347000
5.77,3100.0,5.76,40900.0,5.75,34300.0,5.74,88500.0,5.73,164400.0,5.78,180900.0,5.79,72600.0,5.8,95100.0,5.81,37300.0,5.82,22900.0,4353000
5.77,3100.0,5.76,40900.0,5.75,34300.0,5.74,88500.0,5.73,164400.0,5.78,180900.0,5.79,72600.0,5.8,95100.0,5.81,35800.0,5.82,22900.0,4365000
5.77,3000.0,5.76,40900.0,5.75,34300.0,5.74,88500.0,5.73,164400.0,5.78,180900.0,5.79,72600.0,5.8,95100.0,5.81,35800.0,5.82,22900.0,4374000
5.77,3000.0,5.76,40900.0,5.75,32500.0,5.74,88500.0,5.73,164400.0,5.78,180900.0,5.79,72600.0,5.8,95100.0,5.81,35800.0,5.82,22900.0,4383000
5.77,1500.0,5.76,40900.0,5.75,32500.0,5.74,88500.0,5.73,164400.0,5.78,180900.0,5.79,72600.0,5.8,95100.0,5.81,35800.0,5.82,22900.0,4386000
5.77,900.0,5.76,40900.0,5.75,32500.0,5.74,88500.0,5.73,164400.0,5.78,180900.0,5.79,72600.0,5.8,95100.0,5.81,35800.0,5.82,22900.0,4410000
5.77,900.0,5.76,40900.0,5.75,32500.0,5.74,88500.0,5.73,164400.0,5.78,180900.0,5.79,72600.0,5.8,95100.0,5.81,35800.0,5.82,22900.0,4434000
5.77,900.0,5.76,40900.0,5.75,32500.0,5.74,88800.0,5.73,164400.0,5.78,180900.0,5.79,72600.0,5.8,95100.0,5.81,35800.0,5.82,22900.0,4491000
5.76,40900.0,5.75,32500.0,5.74,88800.0,5.73,164400.0,5.72,112700.0,5.78,180900.0,5.79,72600.0,5.8,95100.0,5.81,35800.0,5.82,22900.0,4497000
5.76,40900.0,5.75,32500.0,5.74,88800.0,5.73,164400.0,5.72,112700.0,5.78,180900.0,5.79,72600.0,5.8,97100.0,5.81,35800.0,5.82,22900.0,4503000
5.76,40900.0,5.75,32500.0,5.74,88800.0,5.73,164400.0,5.72,113000.0,5.78,180900.0,5.79,72600.0,5.8,97100.0,5.81,35800.0,5.82,22900.0,4506000
5.76,40900.0,5.75,32500.0,5.74,88800.0,5.73,164400.0,5.72,113000.0,5.78,180900.0,5.79,72600.0,5.8,97100.0,5.81,35800.0,5.82,22900.0,4518000
5.76,40900.0,5.75,32500.0,5.74,88800.0,5.73,164400.0,5.72,112700.0,5.78,180900.0,5.79,72600.0,5.8,97100.0,5.81,35800.0,5.82,22900.0,4524000
5.76,40900.0,5.75,32500.0,5.74,88800.0,5.73,164400.0,5.72,112700.0,5.78,188200.0,5.79,72600.0,5.8,97100.0,5.81,35800.0,5.82,22900.0,4527000
5.76,40900.0,5.75,32500.0,5.74,88800.0,5.73,164400.0,5.72,112700.0,5.78,188200.0,5.79,72600.0,5.8,97100.0,5.81,35800.0,5.82,22900.0,4539000
5.76,40900.0,5.75,32500.0,5.74,88800.0,5.73,164400.0,5.72,112700.0,5.78,188200.0,5.79,72600.0,5.8,97100.0,5.81,35800.0,5.82,22900.0,4557000
5.76,40900.0,5.75,32500.0,5.74,88800.0,5.73,154800.0,5.72,112700.0,5.78,188200.0,5.79,72600.0,5.8,97100.0,5.81,35800.0,5.82,22900.0,4593000
5.76,900.0,5.75,32500.0,5.74,88800.0,5.73,154800.0,5.72,112700.0,5.78,188200.0,5.79,72600.0,5.8,97100.0,5.81,35800.0,5.82,22900.0,4623000
5.76,23900.0,5.75,32500.0,5.74,88800.0,5.73,154800.0,5.72,112700.0,5.78,188200.0,5.79,72600.0,5.8,97100.0,5.81,35800.0,5.82,22900.0,4635000
5.76,23900.0,5.75,32500.0,5.74,88800.0,5.73,154800.0,5.72,112700.0,5.78,188200.0,5.79,72600.0,5.8,97100.0,5.81,35800.0,5.82,22900.0,4677000
5.76,23900.0,5.75,32500.0,5.74,88800.0,5.73,154800.0,5.72,112700.0,5.78,188200.0,5.79,72600.0,5.8,97100.0,5.81,35800.0,5.82,22900.0,4683000
5.76,23900.0,5.75,32500.0,5.74,88800.0,5.73,154800.0,5.72,112700.0,5.78,188200.0,5.79,72600.0,5.8,97100.0,5.81,35800.0,5.82,22900.0,4695000
5.76,23900.0,5.75,32500.0,5.74,88800.0,5.73,154800.0,5.72,112700.0,5.78,188200.0,5.79,72600.0,5.8,97100.0,5.81,35800.0,5.82,22900.0,4707000
5.76,23900.0,5.75,32500.0,5.74,88800.0,5.73,154800.0,5.72,113200.0,5.78,188200.0,5.79,72600.0,5.8,97100.0,5.81,35800.0,5.82,22900.0,4725000
5.76,23900.0,5.75,32500.0,5.74,88800.0,5.73,154800.0,5.72,113200.0,5.78,188200.0,5.79,72600.0,5.8,97100.0,5.81,35800.0,5.82,22900.0,4737000
5.76,23900.0,5.75,32500.0,5.74,88800.0,5.73,154800.0,5.72,113200.0,5.78,188200.0,5.79,72600.0,5.8,97100.0,5.81,35800.0,5.82,22900.0,4758000
5.76,23900.0,5.75,32500.0,5.74,88800.0,5.73,154800.0,5.72,113200.0,5.78,188200.0,5.79,72600.0,5.8,97100.0,5.81,35800.0,5.82,22900.0,4764000
5.76,23900.0,5.75,32500.0,5.74,88800.0,5.73,154800.0,5.72,113200.0,5.78,188200.0,5.79,72600.0,5.8,93000.0,5.81,35800.0,5.82,22900.0,4773000
5.77,200.0,5.76,23900.0,5.75,37500.0,5.74,88800.0,5.73,154800.0,5.78,188200.0,5.79,72600.0,5.8,93000.0,5.81,35800.0,5.82,22900.0,4809000
5.77,200.0,5.76,23900.0,5.75,38800.0,5.74,88800.0,5.73,154800.0,5.78,188200.0,5.79,72600.0,5.8,93000.0,5.81,35800.0,5.82,22900.0,4815000
5.77,200.0,5.76,23900.0,5.75,38800.0,5.74,88800.0,5.73,154800.0,5.78,188200.0,5.79,72600.0,5.8,95000.0,5.81,35800.0,5.82,22900.0,4818000
5.77,200.0,5.76,23900.0,5.75,38800.0,5.74,88800.0,5.73,154800.0,5.78,188300.0,5.79,72600.0,5.8,95000.0,5.81,35800.0,5.82,22900.0,4821000
5.77,200.0,5.76,23900.0,5.75,38800.0,5.74,88800.0,5.73,154800.0,5.78,188300.0,5.79,72600.0,5.8,95000.0,5.81,35800.0,5.82,22900.0,4833000
5.76,23900.0,5.75,38800.0,5.74,88800.0,5.73,151800.0,5.72,113200.0,5.78,188300.0,5.79,72600.0,5.8,95000.0,5.81,35800.0,5.82,22900.0,4866000
5.76,23900.0,5.75,38800.0,5.74,88800.0,5.73,151800.0,5.72,113200.0,5.78,188300.0,5.79,72600.0,5.8,95000.0,5.81,35800.0,5.82,22900.0,4896000
5.76,23900.0,5.75,38800.0,5.74,88800.0,5.73,151800.0,5.72,113200.0,5.78,188300.0,5.79,72600.0,5.8,95000.0,5.81,35800.0,5.82,22900.0,4899000
5.76,23900.0,5.75,38800.0,5.74,88800.0,5.73,151800.0,5.72,113200.0,5.77,2000.0,5.78,188300.0,5.79,72600.0,5.8,95000.0,5.81,35800.0,4911000
5.76,23900.0,5.75,38800.0,5.74,88800.0,5.73,151800.0,5.72,113200.0,5.77,2000.0,5.78,188300.0,5.79,72600.0,5.8,95000.0,5.81,35800.0,4914000
5.76,23900.0,5.75,38800.0,5.74,83800.0,5.73,151800.0,5.72,113200.0,5.77,2000.0,5.78,188300.0,5.79,72600.0,5.8,95000.0,5.81,35800.0,4923000
5.77,33000.0,5.76,23900.0,5.75,38800.0,5.74,83800.0,5.73,151800.0,5.78,188300.0,5.79,72600.0,5.8,95000.0,5.81,35800.0,5.82,22900.0,4926000
5.77,33000.0,5.76,23900.0,5.75,38800.0,5.74,83800.0,5.73,151800.0,5.78,175900.0,5.79,72600.0,5.8,95000.0,5.81,35800.0,5.82,22900.0,4956000
5.77,33000.0,5.76,23900.0,5.75,38800.0,5.74,83800.0,5.73,151800.0,5.78,175900.0,5.79,22600.0,5.8,95000.0,5.81,35800.0,5.82,22900.0,4962000
5.77,25600.0,5.76,23900.0,5.75,38800.0,5.74,83800.0,5.73,151800.0,5.78,175900.0,5.79,22600.0,5.8,95000.0,5.81,35800.0,5.82,22900.0,4965000
5.77,25600.0,5.76,23900.0,5.75,38800.0,5.74,83800.0,5.73,151800.0,5.78,175900.0,5.79,22800.0,5.8,95000.0,5.81,35800.0,5.82,22900.0,4986000
5.76,23900.0,5.75,38800.0,5.74,83800.0,5.73,151800.0,5.72,113200.0,5.77,400.0,5.78,175900.0,5.79,22800.0,5.8,95000.0,5.81,35800.0,4995000
5.76,23600.0,5.75,38800.0,5.74,83800.0,5.73,151800.0,5.72,113200.0,5.77,400.0,5.78,175900.0,5.79,22800.0,5.8,95000.0,5.81,35800.0,5007000
5.76,23600.0,5.75,38800.0,5.74,83800.0,5.73,151800.0,5.72,113200.0,5.77,2200.0,5.78,175900.0,5.79,22800.0,5.8,95000.0,5.81,35800.0,5034000
5.76,23600.0,5.75,38800.0,5.74,83800.0,5.73,151800.0,5.72,113200.0,5.77,2200.0,5.78,175900.0,5.79,22800.0,5.8,95000.0,5.81,35800.0,5070000
5.76,23600.0,5.75,38800.0,5.74,87300.0,5.73,151800.0,5.72,113200.0,5.77,2200.0,5.78,175900.0,5.79,22800.0,5.8,95000.0,5.81,35800.0,5076000
5.76,58300.0,5.75,38800.0,5.74,87300.0,5.73,151800.0,5.72,113200.0,5.77,2200.0,5.78,175900.0,5.79,22800.0,5.8,95000.0,5.81,35800.0,5094000
5.76,58300.0,5.75,38800.0,5.74,87800.0,5.73,151800.0,5.72,113200.0,5.77,2200.0,5.78,175900.0,5.79,22800.0,5.8,95000.0,5.81,35800.0,5103000
5.76,58600.0,5.75,38800.0,5.74,87800.0,5.73,151800.0,5.72,113200.0,5.77,2200.0,5.78,175900.0,5.79,22800.0,5.8,95000.0,5.81,35800.0,5112000
5.77,28800.0,5.76,58600.0,5.75,38800.0,5.74,87800.0,5.73,151800.0,5.78,175900.0,5.79,22800.0,5.8,95000.0,5.81,35800.0,5.82,22900.0,5136000
5.77,28800.0,5.76,58600.0,5.75,38800.0,5.74,87800.0,5.73,151800.0,5.78,174600.0,5.79,22800.0,5.8,95000.0,5.81,35800.0,5.82,22900.0,5160000
5.77,29000.0,5.76,58600.0,5.75,38800.0,5.74,87800.0,5.73,151800.0,5.78,174600.0,5.79,22800.0,5.8,95000.0,5.81,35800.0,5.82,22900.0,5184000
5.77,93800.0,5.76,58600.0,5.75,38800.0,5.74,87800.0,5.73,151800.0,5.78,174600.0,5.79,22800.0,5.8,95000.0,5.81,35800.0,5.82,22900.0,5193000
5.77,93800.0,5.76,68600.0,5.75,39500.0,5.74,87800.0,5.73,151800.0,5.78,174600.0,5.79,22800.0,5.8,95000.0,5.81,35800.0,5.82,22900.0,5196000
5.77,93800.0,5.76,68600.0,5.75,39500.0,5.74,87800.0,5.73,151800.0,5.78,174600.0,5.79,22800.0,5.8,95000.0,5.81,35800.0,5.82,22900.0,5199000
5.77,93800.0,5.76,68300.0,5.75,39500.0,5.74,87800.0,5.73,151800.0,5.78,174600.0,5.79,22800.0,5.8,95000.0,5.81,35800.0,5.82,22900.0,5214000
5.77,93800.0,5.76,68300.0,5.75,38200.0,5.74,87800.0,5.73,151800.0,5.78,174600.0,5.79,22800.0,5.8,95000.0,5.81,35800.0,5.82,22900.0,5223000
5.77,93800.0,5.76,68300.0,5.75,38200.0,5.74,87800.0,5.73,151800.0,5.78,174600.0,5.79,22800.0,5.8,95000.0,5.81,35800.0,5.82,22900.0,5229000
5.77,93800.0,5.76,68300.0,5.75,38200.0,5.74,87800.0,5.73,151800.0,5.78,174600.0,5.79,27800.0,5.8,95000.0,5.81,35800.0,5.82,22900.0,5232000
5.77,95500.0,5.76,68300.0,5.75,38200.0,5.74,87800.0,5.73,151800.0,5.78,174600.0,5.79,27800.0,5.8,95000.0,5.81,35800.0,5.82,22900.0,5244000
5.77,95500.0,5.76,68300.0,5.75,38200.0,5.74,87800.0,5.73,151800.0,5.78,174600.0,5.79,27800.0,5.8,95000.0,5.81,35800.0,5.82,22900.0,5250000
5.77,97900.0,5.76,68300.0,5.75,38200.0,5.74,87800.0,5.73,151800.0,5.78,174600.0,5.79,27800.0,5.8,95000.0,5.81,35800.0,5.82,22900.0,5271000
5.77,33100.0,5.76,68300.0,5.75,38200.0,5.74,87800.0,5.73,151800.0,5.78,174600.0,5.79,27800.0,5.8,95000.0,5.81,35800.0,5.82,22900.0,5277000
5.77,33100.0,5.76,68300.0,5.75,38200.0,5.74,87800.0,5.73,151800.0,5.78,174600.0,5.79,27800.0,5.8,95000.0,5.81,35800.0,5.82,23900.0,5280000
5.77,32900.0,5.76,68300.0,5.75,38200.0,5.74,87800.0,5.73,151800.0,5.78,174600.0,5.79,27800.0,5.8,95000.0,5.81,35800.0,5.82,23900.0,5286000
5.77,32900.0,5.76,68300.0,5.75,38200.0,5.74,87800.0,5.73,151800.0,5.78,174600.0,5.79,27800.0,5.8,95000.0,5.81,35800.0,5.82,23900.0,5298000
5.77,30500.0,5.76,68300.0,5.75,38200.0,5.74,87800.0,5.73,151800.0,5.78,174600.0,5.79,27800.0,5.8,95000.0,5.81,35800.0,5.82,23900.0,5322000
5.77,30500.0,5.76,68300.0,5.75,38200.0,5.74,87800.0,5.73,151800.0,5.78,174600.0,5.79,27800.0,5.8,95000.0,5.81,35800.0,5.82,23900.0,5325000
5.77,30500.0,5.76,68300.0,5.75,55200.0,5.74,87800.0,5.73,151800.0,5.78,174600.0,5.79,27800.0,5.8,95000.0,5.81,35800.0,5.82,23900.0,5340000
5.77,30500.0,5.76,68300.0,5.75,55200.0,5.74,87800.0,5.73,151800.0,5.78,174300.0,5.79,27800.0,5.8,95000.0,5.81,35800.0,5.82,23900.0,5343000
5.77,30500.0,5.76,68300.0,5.75,55200.0,5.74,87800.0,5.73,151800.0,5.78,174300.0,5.79,27800.0,5.8,95000.0,5.81,35800.0,5.82,23900.0,5352000
5.77,40500.0,5.76,68300.0,5.75,55200.0,5.74,87800.0,5.73,151800.0,5.78,174300.0,5.79,27800.0,5.8,95000.0,5.81,35800.0,5.82,26900.0,5361000
5.77,40500.0,5.76,68300.0,5.75,55200.0,5.74,87800.0,5.73,164700.0,5.78,174300.0,5.79,27800.0,5.8,95000.0,5.81,35800.0,5.82,26900.0,5364000
5.77,40500.0,5.76,68300.0,5.75,55200.0,5.74,87800.0,5.73,164700.0,5.78,174300.0,5.79,27800.0,5.8,95000.0,5.81,35800.0,5.82,26900.0,5367000
5.77,40500.0,5.76,68300.0,5.75,55200.0,5.74,87800.0,5.73,164700.0,5.78,180100.0,5.79,27800.0,5.8,95000.0,5.81,35800.0,5.82,26900.0,5391000
5.77,40500.0,5.76,68300.0,5.75,55200.0,5.74,87800.0,5.73,164700.0,5.78,188100.0,5.79,27800.0,5.8,95000.0,5.81,35800.0,5.82,26900.0,5412000
5.77,40500.0,5.76,68300.0,5.75,55200.0,5.74,87800.0,5.73,164700.0,5.78,188100.0,5.79,27800.0,5.8,95000.0,5.81,35800.0,5.82,26900.0,5436000
5.77,40500.0,5.76,68300.0,5.75,55200.0,5.74,87800.0,5.73,164700.0,5.78,186100.0,5.79,27800.0,5.8,95000.0,5.81,35800.0,5.82,26900.0,5454000
5.77,40500.0,5.76,68300.0,5.75,55200.0,5.74,87800.0,5.73,164700.0,5.78,186100.0,5.79,24800.0,5.8,95000.0,5.81,35800.0,5.82,26900.0,5460000
5.77,105200.0,5.76,68300.0,5.75,55200.0,5.74,87800.0,5.73,164700.0,5.78,176100.0,5.79,24800.0,5.8,95000.0,5.81,35800.0,5.82,26900.0,5466000
5.77,105200.0,5.76,68300.0,5.75,55200.0,5.74,87800.0,5.73,164700.0,5.78,176100.0,5.79,24800.0,5.8,95000.0,5.81,35800.0,5.82,26900.0,5469000
5.77,105200.0,5.76,71300.0,5.75,55200.0,5.74,87800.0,5.73,164700.0,5.78,176100.0,5.79,24800.0,5.8,95000.0,5.81,35800.0,5.82,26900.0,5475000
5.77,105200.0,5.76,71300.0,5.75,55200.0,5.74,87800.0,5.73,164700.0,5.78,186100.0,5.79,24800.0,5.8,95000.0,5.81,35800.0,5.82,26900.0,5505000
5.77,105200.0,5.76,71300.0,5.75,55200.0,5.74,87800.0,5.73,164700.0,5.78,183200.0,5.79,24800.0,5.8,95000.0,5.81,35800.0,5.82,26900.0,5526000
5.77,105200.0,5.76,71300.0,5.75,55200.0,5.74,87800.0,5.73,164700.0,5.78,183200.0,5.79,24800.0,5.8,95000.0,5.81,35800.0,5.82,26900.0,5529000
5.77,105200.0,5.76,71300.0,5.75,55200.0,5.74,87800.0,5.73,164700.0,5.78,188200.0,5.79,24800.0,5.8,95000.0,5.81,35800.0,5.82,26900.0,5544000
5.77,105200.0,5.76,71300.0,5.75,55200.0,5.74,87800.0,5.73,164700.0,5.78,188200.0,5.79,17800.0,5.8,95000.0,5.81,35800.0,5.82,26900.0,5562000
5.77,105200.0,5.76,71300.0,5.75,55200.0,5.74,87800.0,5.73,164700.0,5.78,178200.0,5.79,17800.0,5.8,95000.0,5.81,35800.0,5.82,26900.0,5571000
5.77,105200.0,5.76,71300.0,5.75,55200.0,5.74,87800.0,5.73,159700.0,5.78,178200.0,5.79,17800.0,5.8,95000.0,5.81,35800.0,5.82,26900.0,5574000
5.77,105200.0,5.76,71300.0,5.75,55200.0,5.74,87800.0,5.73,159700.0,5.78,129200.0,5.79,17800.0,5.8,95000.0,5.81,35800.0,5.82,26900.0,5577000
5.77,105200.0,5.76,71300.0,5.75,55200.0,5.74,87800.0,5.73,158700.0,5.78,129200.0,5.79,17800.0,5.8,95000.0,5.81,35800.0,5.82,33900.0,5580000
5.77,105200.0,5.76,71300.0,5.75,55200.0,5.74,87800.0,5.73,158700.0,5.78,128700.0,5.79,17800.0,5.8,95000.0,5.81,35800.0,5.82,33900.0,5586000
5.77,119300.0,5.76,71300.0,5.75,55200.0,5.74,87800.0,5.73,158700.0,5.78,128700.0,5.79,17800.0,5.8,95000.0,5.81,35800.0,5.82,33900.0,5589000
5.77,119300.0,5.76,71300.0,5.75,55200.0,5.74,87800.0,5.73,158700.0,5.78,128700.0,5.79,17800.0,5.8,95000.0,5.81,35800.0,5.82,33900.0,5598000
5.77,119300.0,5.76,71300.0,5.75,55200.0,5.74,87800.0,5.73,138200.0,5.78,128700.0,5.79,17800.0,5.8,95000.0,5.81,35800.0,5.82,33900.0,5604000
5.77,119300.0,5.76,71300.0,5.75,55200.0,5.74,87800.0,5.73,138200.0,5.78,126500.0,5.79,17800.0,5.8,95000.0,5.81,35800.0,5.82,33900.0,5616000
5.77,119300.0,5.76,71300.0,5.75,55200.0,5.74,87800.0,5.73,138200.0,5.78,125200.0,5.79,17800.0,5.8,95000.0,5.81,35800.0,5.82,33900.0,5619000
5.77,119300.0,5.76,71300.0,5.75,55200.0,5.74,87800.0,5.73,138200.0,5.78,125200.0,5.79,17800.0,5.8,95000.0,5.81,28900.0,5.82,33900.0,5631000
5.77,119300.0,5.76,71300.0,5.75,55200.0,5.74,87800.0,5.73,138200.0,5.78,125200.0,5.79,17800.0,5.8,101900.0,5.81,28900.0,5.82,33900.0,5637000
5.77,105200.0,5.76,71300.0,5.75,55200.0,5.74,87800.0,5.73,138200.0,5.78,124800.0,5.79,17800.0,5.8,101900.0,5.81,28900.0,5.82,33900.0,5646000
5.77,105200.0,5.76,71300.0,5.75,55200.0,5.74,87800.0,5.73,138200.0,5.78,124800.0,5.79,17800.0,5.8,101900.0,5.81,28900.0,5.82,33900.0,5664000
5.77,40500.0,5.76,71300.0,5.75,55200.0,5.74,87800.0,5.73,138200.0,5.78,124800.0,5.79,17800.0,5.8,101900.0,5.81,28900.0,5.82,33900.0,5691000
5.77,40500.0,5.76,71300.0,5.75,55200.0,5.74,87800.0,5.73,138200.0,5.78,124800.0,5.79,17800.0,5.8,95000.0,5.81,28900.0,5.82,33900.0,5694000
5.77,40500.0,5.76,71300.0,5.75,55200.0,5.74,87800.0,5.73,138200.0,5.78,124800.0,5.79,24700.0,5.8,95000.0,5.81,28900.0,5.82,33900.0,5697000
5.77,40500.0,5.76,71300.0,5.75,55200.0,5.74,87800.0,5.73,138200.0,5.78,124500.0,5.79,17800.0,5.8,95000.0,5.81,28900.0,5.82,33900.0,5721000
5.77,40500.0,5.76,71300.0,5.75,55200.0,5.74,87800.0,5.73,138200.0,5.78,131400.0,5.79,17800.0,5.8,95000.0,5.81,28900.0,5.82,33900.0,5724000
5.77,39900.0,5.76,71300.0,5.75,55200.0,5.74,87800.0,5.73,138200.0,5.78,131400.0,5.79,17800.0,5.8,95000.0,5.81,28900.0,5.82,33900.0,5733000
5.77,39900.0,5.76,71300.0,5.75,54500.0,5.74,87800.0,5.73,138200.0,5.78,131400.0,5.79,17800.0,5.8,95000.0,5.81,28900.0,5.82,33900.0,5778000
5.77,39900.0,5.76,71300.0,5.75,54900.0,5.74,87800.0,5.73,138200.0,5.78,131400.0,5.79,17800.0,5.8,95000.0,5.81,28900.0,5.82,33900.0,5790000
5.77,39900.0,5.76,71300.0,5.75,54900.0,5.74,87800.0,5.73,138200.0,5.78,127700.0,5.79,17800.0,5.8,95000.0,5.81,28900.0,5.82,33900.0,5805000
5.77,39900.0,5.76,71300.0,5.75,54900.0,5.74,87800.0,5.73,138200.0,5.78,120800.0,5.79,17800.0,5.8,95000.0,5.81,28900.0,5.82,33900.0,5832000
5.77,39900.0,5.76,71300.0,5.75,54900.0,5.74,87800.0,5.73,138200.0,5.78,120800.0,5.79,17800.0,5.8,101900.0,5.81,28900.0,5.82,33900.0,5844000
5.77,44900.0,5.76,71300.0,5.75,54900.0,5.74,87800.0,5.73,138200.0,5.78,120800.0,5.79,17800.0,5.8,101900.0,5.81,28900.0,5.82,33900.0,5853000
5.77,44500.0,5.76,71300.0,5.75,54900.0,5.74,87800.0,5.73,138200.0,5.78,120800.0,5.79,17800.0,5.8,101900.0,5.81,28900.0,5.82,33900.0,5856000
5.77,44500.0,5.76,71300.0,5.75,54900.0,5.74,87800.0,5.73,138200.0,5.78,120800.0,5.79,18300.0,5.8,101900.0,5.81,28900.0,5.82,33900.0,5880000
5.77,44600.0,5.76,71300.0,5.75,54900.0,5.74,87800.0,5.73,138200.0,5.78,120800.0,5.79,18300.0,5.8,101900.0,5.81,28900.0,5.82,34100.0,5886000
5.77,44600.0,5.76,71300.0,5.75,54900.0,5.74,87800.0,5.73,138200.0,5.78,120800.0,5.79,18300.0,5.8,102000.0,5.81,28900.0,5.82,34100.0,5901000
5.77,44600.0,5.76,71300.0,5.75,37900.0,5.74,87800.0,5.73,138200.0,5.78,120800.0,5.79,18300.0,5.8,102000.0,5.81,28900.0,5.82,34100.0,5913000
5.77,44600.0,5.76,71300.0,5.75,37900.0,5.74,104800.0,5.73,138200.0,5.78,120800.0,5.79,18300.0,5.8,102000.0,5.81,28900.0,5.82,34100.0,5934000
5.77,44500.0,5.76,71300.0,5.75,37900.0,5.74,104800.0,5.73,138200.0,5.78,120800.0,5.79,18300.0,5.8,102000.0,5.81,28900.0,5.82,34100.0,5946000
5.77,39300.0,5.76,71300.0,5.75,37900.0,5.74,104800.0,5.73,138200.0,5.78,84800.0,5.79,18300.0,5.8,102000.0,5.81,28900.0,5.82,34100.0,5955000
5.77,39200.0,5.76,71300.0,5.75,37900.0,5.74,104800.0,5.73,138200.0,5.78,84800.0,5.79,18300.0,5.8,102000.0,5.81,28900.0,5.82,34100.0,5958000
5.77,39200.0,5.76,71300.0,5.75,37900.0,5.74,104800.0,5.73,133200.0,5.78,84800.0,5.79,18300.0,5.8,102000.0,5.81,28900.0,5.82,34100.0,5964000
5.77,39200.0,5.76,71300.0,5.75,37900.0,5.74,104800.0,5.73,133200.0,5.78,84800.0,5.79,18300.0,5.8,102000.0,5.81,28900.0,5.82,34100.0,6033000
5.77,24300.0,5.76,71300.0,5.75,37900.0,5.74,104800.0,5.73,133200.0,5.78,84700.0,5.79,18300.0,5.8,102000.0,5.81,28900.0,5.82,34100.0,6069000
5.77,24300.0,5.76,71300.0,5.75,37900.0,5.74,104800.0,5.73,133200.0,5.78,84700.0,5.79,18300.0,5.8,103000.0,5.81,28900.0,5.82,34100.0,6075000
5.77,24300.0,5.76,71300.0,5.75,37900.0,5.74,104800.0,5.73,133200.0,5.78,84700.0,5.79,18300.0,5.8,103000.0,5.81,28900.0,5.82,35700.0,6087000
5.77,24300.0,5.76,71300.0,5.75,36900.0,5.74,104800.0,5.73,133200.0,5.78,84700.0,5.79,18300.0,5.8,96100.0,5.81,28900.0,5.82,35700.0,6096000
5.77,24300.0,5.76,71300.0,5.75,36900.0,5.74,104800.0,5.73,133200.0,5.78,84700.0,5.79,25200.0,5.8,96100.0,5.81,28900.0,5.82,35700.0,6099000
5.77,25300.0,5.76,71300.0,5.75,36900.0,5.74,104800.0,5.73,133200.0,5.78,84700.0,5.79,25200.0,5.8,96100.0,5.81,28900.0,5.82,35700.0,6108000
5.77,10300.0,5.76,71300.0,5.75,36900.0,5.74,104800.0,5.73,133200.0,5.78,84700.0,5.79,25200.0,5.8,96100.0,5.81,28900.0,5.82,35700.0,6120000
5.77,10300.0,5.76,71300.0,5.75,36900.0,5.74,104800.0,5.73,133200.0,5.78,84700.0,5.79,25200.0,5.8,96100.0,5.81,28900.0,5.82,35700.0,6123000
5.77,10300.0,5.76,71300.0,5.75,36900.0,5.74,104800.0,5.73,133200.0,5.78,84700.0,5.79,25200.0,5.8,96000.0,5.81,28900.0,5.82,35500.0,6135000
5.77,10300.0,5.76,71300.0,5.75,36900.0,5.74,104800.0,5.73,133200.0,5.78,78900.0,5.79,25200.0,5.8,96000.0,5.81,28900.0,5.82,35500.0,6162000
5.77,5700.0,5.76,71300.0,5.75,36900.0,5.74,104800.0,5.73,133200.0,5.78,78900.0,5.79,25200.0,5.8,96000.0,5.81,28900.0,5.82,35500.0,6174000
5.77,5700.0,5.76,71300.0,5.75,36900.0,5.74,104800.0,5.73,131600.0,5.78,78900.0,5.79,25200.0,5.8,96000.0,5.81,33700.0,5.82,35500.0,6177000
5.77,4100.0,5.76,71300.0,5.75,36900.0,5.74,104800.0,5.73,131600.0,5.78,92100.0,5.79,25200.0,5.8,96000.0,5.81,33700.0,5.82,35500.0,6183000
5.77,4200.0,5.76,71300.0,5.75,36900.0,5.74,104800.0,5.73,131600.0,5.78,92100.0,5.79,25200.0,5.8,96000.0,5.81,33700.0,5.82,35500.0,6186000
5.77,4200.0,5.76,71300.0,5.75,36900.0,5.74,104800.0,5.73,131600.0,5.78,92100.0,5.79,25200.0,5.8,96000.0,5.81,33700.0,5.82,35500.0,6192000
5.77,4200.0,5.76,71300.0,5.75,38500.0,5.74,104800.0,5.73,131600.0,5.78,92100.0,5.79,25200.0,5.8,96000.0,5.81,33700.0,5.82,35500.0,6195000
5.77,4200.0,5.76,71300.0,5.75,38500.0,5.74,104800.0,5.73,131600.0,5.78,78900.0,5.79,25200.0,5.8,96000.0,5.81,33700.0,5.82,35500.0,6198000
5.77,4200.0,5.76,36600.0,5.75,38500.0,5.74,104800.0,5.73,131600.0,5.78,78900.0,5.79,25200.0,5.8,96000.0,5.81,33700.0,5.82,35500.0,6225000
5.77,4200.0,5.76,36600.0,5.75,38500.0,5.74,104800.0,5.73,131600.0,5.78,44300.0,5.79,25200.0,5.8,96000.0,5.81,33700.0,5.82,35500.0,6270000
5.77,4200.0,5.76,36600.0,5.75,38500.0,5.74,104800.0,5.73,131600.0,5.78,44100.0,5.79,25200.0,5.8,96000.0,5.81,33700.0,5.82,35500.0,6276000
5.77,1200.0,5.76,36600.0,5.75,38500.0,5.74,104800.0,5.73,131600.0,5.78,44100.0,5.79,25200.0,5.8,96000.0,5.81,33700.0,5.82,35500.0,6282000
5.77,4100.0,5.76,36600.0,5.75,38500.0,5.74,104800.0,5.73,131600.0,5.78,44100.0,5.79,18300.0,5.8,96000.0,5.81,33700.0,5.82,35500.0,6294000
5.76,36600.0,5.75,38500.0,5.74,104800.0,5.73,131600.0,5.72,113200.0,5.77,300.0,5.78,44100.0,5.79,18300.0,5.8,102900.0,5.81,33700.0,6300000
5.77,2300.0,5.76,36600.0,5.75,38500.0,5.74,104800.0,5.73,131600.0,5.78,44100.0,5.79,18300.0,5.8,102900.0,5.81,33700.0,5.82,35500.0,6315000
5.77,1600.0,5.76,36600.0,5.75,38500.0,5.74,104800.0,5.73,131600.0,5.78,44100.0,5.79,18300.0,5.8,102900.0,5.81,33700.0,5.82,35500.0,6381000
5.77,1600.0,5.76,36600.0,5.75,33500.0,5.74,104800.0,5.73,131600.0,5.78,44100.0,5.79,18300.0,5.8,102900.0,5.81,33700.0,5.82,35500.0,6396000
5.76,44400.0,5.75,33500.0,5.74,104800.0,5.73,131600.0,5.72,113200.0,5.77,400.0,5.78,44100.0,5.79,18300.0,5.8,102900.0,5.81,33700.0,6399000
5.77,100.0,5.76,44400.0,5.75,33500.0,5.74,104800.0,5.73,131600.0,5.78,44100.0,5.79,18300.0,5.8,102900.0,5.81,33700.0,5.82,35500.0,6417000
5.76,44400.0,5.75,33500.0,5.74,104800.0,5.73,131600.0,5.72,113200.0,5.77,9800.0,5.78,44100.0,5.79,18300.0,5.8,102900.0,5.81,33700.0,6471000
5.76,36600.0,5.75,33500.0,5.74,104800.0,5.73,131600.0,5.72,113200.0,5.77,9800.0,5.78,44100.0,5.79,18300.0,5.8,102900.0,5.81,33700.0,6486000
5.76,26600.0,5.75,33500.0,5.74,104800.0,5.73,131600.0,5.72,113200.0,5.77,9800.0,5.78,44100.0,5.79,18300.0,5.8,102900.0,5.81,33700.0,6489000
5.76,26600.0,5.75,33500.0,5.74,104800.0,5.73,131600.0,5.72,113200.0,5.77,9800.0,5.78,44100.0,5.79,18300.0,5.8,96000.0,5.81,33700.0,6501000
5.76,26600.0,5.75,33500.0,5.74,104800.0,5.73,131600.0,5.72,113200.0,5.77,9800.0,5.78,51000.0,5.79,18300.0,5.8,96000.0,5.81,33700.0,6504000
5.76,26600.0,5.75,33500.0,5.74,104800.0,5.73,131600.0,5.72,113200.0,5.78,51000.0,5.79,18300.0,5.8,96000.0,5.81,33700.0,5.82,35500.0,6528000
5.76,27100.0,5.75,33500.0,5.74,104800.0,5.73,131600.0,5.72,113200.0,5.78,51000.0,5.79,18300.0,5.8,96000.0,5.81,33700.0,5.82,35500.0,6534000
5.77,200.0,5.76,27100.0,5.75,33500.0,5.74,104800.0,5.73,118700.0,5.78,51000.0,5.79,18300.0,5.8,96000.0,5.81,33700.0,5.82,35500.0,6561000
5.77,200.0,5.76,27100.0,5.75,33500.0,5.74,104800.0,5.73,118700.0,5.78,51000.0,5.79,23500.0,5.8,96000.0,5.81,33700.0,5.82,35500.0,6567000
5.76,22300.0,5.75,33500.0,5.74,104800.0,5.73,118700.0,5.72,113200.0,5.78,51000.0,5.79,23500.0,5.8,96000.0,5.81,33700.0,5.82,35500.0,6585000
5.76,22300.0,5.75,33500.0,5.74,104800.0,5.73,118700.0,5.72,108200.0,5.78,51000.0,5.79,23500.0,5.8,96000.0,5.81,33700.0,5.82,35500.0,6609000
5.76,22300.0,5.75,33500.0,5.74,104800.0,5.73,118700.0,5.72,108200.0,5.78,51000.0,5.79,23500.0,5.8,96000.0,5.81,33700.0,5.82,35500.0,6636000
5.76,24300.0,5.75,33500.0,5.74,104800.0,5.73,118700.0,5.72,108200.0,5.78,51000.0,5.79,23500.0,5.8,96000.0,5.81,33700.0,5.82,35500.0,6672000
5.76,14300.0,5.75,33500.0,5.74,104800.0,5.73,118700.0,5.72,108200.0,5.78,51000.0,5.79,23500.0,5.8,96000.0,5.81,33700.0,5.82,35500.0,6678000
5.76,14800.0,5.75,33500.0,5.74,104800.0,5.73,118700.0,5.72,108200.0,5.78,51000.0,5.79,23500.0,5.8,96000.0,5.81,33700.0,5.82,35500.0,6711000
5.76,10800.0,5.75,33500.0,5.74,104800.0,5.73,118700.0,5.72,108200.0,5.78,51000.0,5.79,23500.0,5.8,96000.0,5.81,33700.0,5.82,35500.0,6714000
5.76,10100.0,5.75,33500.0,5.74,104800.0,5.73,118700.0,5.72,108200.0,5.78,51000.0,5.79,23500.0,5.8,96000.0,5.81,33700.0,5.82,35500.0,6720000
5.76,10100.0,5.75,33500.0,5.74,104800.0,5.73,118700.0,5.72,108200.0,5.78,44100.0,5.79,23500.0,5.8,96000.0,5.81,33700.0,5.82,35500.0,6726000
5.77,100.0,5.76,10600.0,5.75,33500.0,5.74,104800.0,5.73,118700.0,5.78,44100.0,5.79,23500.0,5.8,96000.0,5.81,33700.0,5.82,35500.0,6786000
5.77,100.0,5.76,10600.0,5.75,33500.0,5.74,104800.0,5.73,118700.0,5.78,44000.0,5.79,23500.0,5.8,96000.0,5.81,33700.0,5.82,35500.0,6789000
5.77,100.0,5.76,8600.0,5.75,33500.0,5.74,104800.0,5.73,118700.0,5.78,49800.0,5.79,23500.0,5.8,96000.0,5.81,33700.0,5.82,35500.0,6810000
5.76,8600.0,5.75,33500.0,5.74,104800.0,5.73,118700.0,5.72,108200.0,5.78,49800.0,5.79,23500.0,5.8,96000.0,5.81,33700.0,5.82,35500.0,6846000
5.76,8600.0,5.75,33500.0,5.74,104800.0,5.73,118700.0,5.72,108200.0,5.78,49800.0,5.79,23500.0,5.8,96000.0,5.81,33700.0,5.82,35500.0,6861000
5.76,9700.0,5.75,33500.0,5.74,104800.0,5.73,118700.0,5.72,108200.0,5.78,49800.0,5.79,23500.0,5.8,96000.0,5.81,33700.0,5.82,35500.0,6864000
5.76,8600.0,5.75,33500.0,5.74,104800.0,5.73,118700.0,5.72,108200.0,5.78,49800.0,5.79,23500.0,5.8,96000.0,5.81,33700.0,5.82,35500.0,6894000
5.76,8600.0,5.75,33500.0,5.74,104800.0,5.73,118700.0,5.72,108200.0,5.78,49800.0,5.79,23500.0,5.8,96000.0,5.81,33700.0,5.82,35500.0,6909000
5.76,11700.0,5.75,33500.0,5.74,104800.0,5.73,118700.0,5.72,108200.0,5.78,49800.0,5.79,23500.0,5.8,96000.0,5.81,33700.0,5.82,35500.0,6915000
5.76,11700.0,5.75,33500.0,5.74,104800.0,5.73,118700.0,5.72,108200.0,5.78,73800.0,5.79,23500.0,5.8,96000.0,5.81,33700.0,5.82,35500.0,6918000
5.76,11700.0,5.75,33500.0,5.74,104800.0,5.73,118700.0,5.72,108200.0,5.78,73800.0,5.79,29500.0,5.8,96000.0,5.81,33700.0,5.82,35500.0,6921000
5.76,11700.0,5.75,33500.0,5.74,104800.0,5.73,118700.0,5.72,108200.0,5.78,83700.0,5.79,29500.0,5.8,96000.0,5.81,33700.0,5.82,35500.0,6939000
5.76,11700.0,5.75,33500.0,5.74,104800.0,5.73,118700.0,5.72,108200.0,5.78,85700.0,5.79,29500.0,5.8,96000.0,5.81,33700.0,5.82,35500.0,6942000
5.76,11700.0,5.75,33500.0,5.74,104800.0,5.73,118700.0,5.72,108200.0,5.78,85700.0,5.79,29500.0,5.8,96000.0,5.81,33700.0,5.82,35500.0,6954000
5.76,11700.0,5.75,33500.0,5.74,104800.0,5.73,118700.0,5.72,108200.0,5.78,85600.0,5.79,29500.0,5.8,96000.0,5.81,33700.0,5.82,35500.0,6960000
5.76,11700.0,5.75,33500.0,5.74,104800.0,5.73,118700.0,5.72,108200.0,5.78,85600.0,5.79,29500.0,5.8,96000.0,5.81,33700.0,5.82,35500.0,6972000
5.76,11700.0,5.75,33500.0,5.74,104800.0,5.73,118700.0,5.72,108200.0,5.78,83600.0,5.79,29500.0,5.8,96000.0,5.81,33700.0,5.82,35500.0,6981000
5.76,11700.0,5.75,33500.0,5.74,104800.0,5.73,118700.0,5.72,108200.0,5.78,73700.0,5.79,29500.0,5.8,96000.0,5.81,33700.0,5.82,35500.0,6996000
5.76,11700.0,5.75,33500.0,5.74,104800.0,5.73,118700.0,5.72,108200.0,5.78,73700.0,5.79,31500.0,5.8,96000.0,5.81,33700.0,5.82,35500.0,7005000
5.76,11700.0,5.75,33500.0,5.74,104800.0,5.73,118700.0,5.72,108200.0,5.78,73900.0,5.79,31500.0,5.8,102900.0,5.81,33700.0,5.82,35500.0,7041000
5.76,11700.0,5.75,33500.0,5.74,104800.0,5.73,118700.0,5.72,108200.0,5.78,73900.0,5.79,31500.0,5.8,102900.0,5.81,33700.0,5.82,35500.0,7044000
5.76,11700.0,5.75,66000.0,5.74,104800.0,5.73,118700.0,5.72,108200.0,5.78,73900.0,5.79,31500.0,5.8,102900.0,5.81,33700.0,5.82,35500.0,7056000
5.76,11700.0,5.75,66000.0,5.74,104800.0,5.73,118700.0,5.72,108200.0,5.78,73900.0,5.79,31500.0,5.8,96000.0,5.81,33700.0,5.82,35500.0,7062000
5.76,11700.0,5.75,66000.0,5.74,104800.0,5.73,118700.0,5.72,108200.0,5.78,80800.0,5.79,31500.0,5.8,96000.0,5.81,33700.0,5.82,35500.0,7071000
5.76,11700.0,5.75,66000.0,5.74,104800.0,5.73,118700.0,5.72,108200.0,5.78,80800.0,5.79,31500.0,5.8,96000.0,5.81,33700.0,5.82,35500.0,7086000
5.76,11700.0,5.75,66000.0,5.74,104800.0,5.73,118700.0,5.72,108200.0,5.78,80800.0,5.79,31500.0,5.8,96000.0,5.81,33700.0,5.82,35500.0,7089000
5.76,11700.0,5.75,98500.0,5.74,104800.0,5.73,118700.0,5.72,108200.0,5.78,80800.0,5.79,31500.0,5.8,96000.0,5.81,33700.0,5.82,35500.0,7101000
5.76,12800.0,5.75,98500.0,5.74,104800.0,5.73,118700.0,5.72,108200.0,5.78,80800.0,5.79,31500.0,5.8,96000.0,5.81,33700.0,5.82,35500.0,7146000
5.76,10800.0,5.75,98500.0,5.74,104800.0,5.73,118700.0,5.72,108200.0,5.78,80800.0,5.79,31500.0,5.8,96000.0,5.81,33700.0,5.82,35500.0,7191000
5.76,5800.0,5.75,98500.0,5.74,104800.0,5.73,118700.0,5.72,108200.0,5.78,80800.0,5.79,31500.0,5.8,96000.0,5.81,33700.0,5.82,35500.0,7200000
5.76,5800.0,5.75,98500.0,5.74,104800.0,5.73,118700.0,5.72,108200.0,5.78,80800.0,5.79,31500.0,5.8,96000.0,5.81,33700.0,5.82,35500.0,7206000
5.76,5800.0,5.75,98500.0,5.74,104800.0,5.73,118700.0,5.72,108200.0,5.78,81300.0,5.79,31500.0,5.8,96000.0,5.81,33700.0,5.82,35500.0,7221000
5.76,5800.0,5.75,99700.0,5.74,104800.0,5.73,118700.0,5.72,108200.0,5.78,81300.0,5.79,31500.0,5.8,96000.0,5.81,33700.0,5.82,35500.0,7248000
5.76,4700.0,5.75,99700.0,5.74,104800.0,5.73,118700.0,5.72,108200.0,5.78,81300.0,5.79,31500.0,5.8,96000.0,5.81,33700.0,5.82,35500.0,7269000
5.76,4700.0,5.75,100800.0,5.74,104800.0,5.73,118700.0,5.72,108200.0,5.78,81300.0,5.79,31500.0,5.8,96000.0,5.81,33700.0,5.82,35500.0,7284000
5.76,68900.0,5.75,100800.0,5.74,104800.0,5.73,118700.0,5.72,108200.0,5.78,81300.0,5.79,31500.0,5.8,96000.0,5.81,33700.0,5.82,35500.0,7293000
5.76,68900.0,5.75,99700.0,5.74,104800.0,5.73,118700.0,5.72,108200.0,5.78,81300.0,5.79,31500.0,5.8,96000.0,5.81,33700.0,5.82,35500.0,7305000
5.76,70000.0,5.75,99700.0,5.74,104800.0,5.73,118700.0,5.72,108200.0,5.78,81300.0,5.79,31500.0,5.8,96000.0,5.81,33700.0,5.82,35500.0,7314000
5.76,69600.0,5.75,99700.0,5.74,104800.0,5.73,118700.0,5.72,108200.0,5.78,81300.0,5.79,31500.0,5.8,96000.0,5.81,33700.0,5.82,35500.0,7326000
5.76,68500.0,5.75,99700.0,5.74,104800.0,5.73,118700.0,5.72,108200.0,5.78,81300.0,5.79,31500.0,5.8,96000.0,5.81,33700.0,5.82,35500.0,7344000
5.76,74200.0,5.75,99700.0,5.74,104800.0,5.73,118700.0,5.72,108200.0,5.78,81300.0,5.79,31500.0,5.8,96000.0,5.81,33700.0,5.82,35500.0,7380000
5.76,74200.0,5.75,99700.0,5.74,104800.0,5.73,118700.0,5.72,108200.0,5.78,81300.0,5.79,34500.0,5.8,96000.0,5.81,33700.0,5.82,35500.0,7383000
5.76,74200.0,5.75,99700.0,5.74,104800.0,5.73,118700.0,5.72,108200.0,5.78,81300.0,5.79,34500.0,5.8,96000.0,5.81,33700.0,5.82,35500.0,7473000
5.76,74200.0,5.75,99700.0,5.74,104800.0,5.73,118700.0,5.72,108200.0,5.78,81300.0,5.79,34500.0,5.8,96000.0,5.81,33700.0,5.82,35500.0,7476000
5.76,83200.0,5.75,99700.0,5.74,104800.0,5.73,118700.0,5.72,108200.0,5.78,81300.0,5.79,34500.0,5.8,96000.0,5.81,33700.0,5.82,35500.0,7500000
5.76,83200.0,5.75,99900.0,5.74,104800.0,5.73,118700.0,5.72,108200.0,5.78,81300.0,5.79,34500.0,5.8,96000.0,5.81,33700.0,5.82,35500.0,7545000
5.76,82900.0,5.75,99900.0,5.74,104800.0,5.73,118700.0,5.72,108200.0,5.78,81300.0,5.79,34500.0,5.8,96000.0,5.81,33700.0,5.82,35500.0,7563000
5.76,82900.0,5.75,99900.0,5.74,104800.0,5.73,118700.0,5.72,118200.0,5.78,81300.0,5.79,34500.0,5.8,96000.0,5.81,33700.0,5.82,35500.0,7584000
5.76,83200.0,5.75,99900.0,5.74,104800.0,5.73,118700.0,5.72,118200.0,5.78,81300.0,5.79,34500.0,5.8,96000.0,5.81,33700.0,5.82,35500.0,7605000
5.76,83200.0,5.75,98700.0,5.74,104800.0,5.73,118700.0,5.72,118200.0,5.78,81300.0,5.79,34500.0,5.8,96000.0,5.81,33700.0,5.82,35500.0,7611000
5.76,83200.0,5.75,98500.0,5.74,104800.0,5.73,118700.0,5.72,118200.0,5.78,81300.0,5.79,34500.0,5.8,96000.0,5.81,33700.0,5.82,35500.0,7626000
5.76,83200.0,5.75,98500.0,5.74,104900.0,5.73,118700.0,5.72,118200.0,5.78,81300.0,5.79,34500.0,5.8,96000.0,5.81,33700.0,5.82,35500.0,7629000
5.76,83200.0,5.75,98500.0,5.74,104500.0,5.73,118700.0,5.72,118200.0,5.78,81300.0,5.79,34500.0,5.8,96000.0,5.81,33700.0,5.82,35500.0,7668000
5.76,83200.0,5.75,98500.0,5.74,104500.0,5.73,118700.0,5.72,118200.0,5.78,81300.0,5.79,34500.0,5.8,96000.0,5.81,33700.0,5.82,35500.0,7773000
5.76,83200.0,5.75,98500.0,5.74,104500.0,5.73,118700.0,5.72,118200.0,5.78,81300.0,5.79,34500.0,5.8,96000.0,5.81,33700.0,5.82,35500.0,7797000
5.76,83200.0,5.75,98500.0,5.74,105900.0,5.73,118700.0,5.72,118200.0,5.78,81300.0,5.79,34500.0,5.8,96000.0,5.81,33700.0,5.82,35500.0,7848000
5.76,83200.0,5.75,108500.0,5.74,105900.0,5.73,118700.0,5.72,118200.0,5.78,81300.0,5.79,34500.0,5.8,96000.0,5.81,33700.0,5.82,35500.0,7881000
5.76,83200.0,5.75,108500.0,5.74,105900.0,5.73,118700.0,5.72,118200.0,5.78,81300.0,5.79,34500.0,5.8,96000.0,5.81,33700.0,5.82,35500.0,7953000
5.76,65200.0,5.75,108500.0,5.74,105900.0,5.73,118700.0,5.72,118200.0,5.78,81300.0,5.79,34500.0,5.8,96000.0,5.81,33700.0,5.82,35500.0,7974000
5.76,65700.0,5.75,108500.0,5.74,105900.0,5.73,118700.0,5.72,118200.0,5.78,81300.0,5.79,34500.0,5.8,96000.0,5.81,33700.0,5.82,35500.0,8019000
5.76,65700.0,5.75,108500.0,5.74,105900.0,5.73,118700.0,5.72,117400.0,5.78,81300.0,5.79,34500.0,5.8,96000.0,5.81,33700.0,5.82,35500.0,8064000
5.77,1000.0,5.76,65700.0,5.75,108500.0,5.74,105900.0,5.73,118700.0,5.78,81300.0,5.79,34500.0,5.8,96000.0,5.81,33700.0,5.82,35500.0,8091000
5.77,1000.0,5.76,65700.0,5.75,108500.0,5.74,105900.0,5.73,118700.0,5.78,81300.0,5.79,34500.0,5.8,96000.0,5.81,33700.0,5.82,35500.0,8100000
5.77,1000.0,5.76,65700.0,5.75,108500.0,5.74,105900.0,5.73,118700.0,5.78,81300.0,5.79,34500.0,5.8,96000.0,5.81,33700.0,5.82,35500.0,8193000
5.77,1000.0,5.76,65700.0,5.75,108500.0,5.74,105900.0,5.73,118700.0,5.78,81300.0,5.79,34500.0,5.8,96000.0,5.81,33700.0,5.82,35500.0,8253000
5.77,1000.0,5.76,65700.0,5.75,108500.0,5.74,105900.0,5.73,118700.0,5.78,81300.0,5.79,34500.0,5.8,96000.0,5.81,33700.0,5.82,35500.0,8313000
5.77,1000.0,5.76,65700.0,5.75,108500.0,5.74,105900.0,5.73,118700.0,5.78,81300.0,5.79,34500.0,5.8,96000.0,5.81,33700.0,5.82,35500.0,8373000
5.77,1000.0,5.76,65700.0,5.75,108500.0,5.74,105900.0,5.73,118700.0,5.78,81300.0,5.79,34500.0,5.8,96000.0,5.81,33700.0,5.82,35500.0,8433000
5.77,1000.0,5.76,65700.0,5.75,108500.0,5.74,105900.0,5.73,118700.0,5.78,81300.0,5.79,34500.0,5.8,96000.0,5.81,33700.0,5.82,35500.0,8493000
5.77,1000.0,5.76,65700.0,5.75,108500.0,5.74,105900.0,5.73,118700.0,5.78,81300.0,5.79,34500.0,5.8,96000.0,5.81,33700.0,5.82,35500.0,8553000
5.77,1000.0,5.76,65700.0,5.75,108500.0,5.74,105900.0,5.73,118700.0,5.78,81300.0,5.79,34500.0,5.8,96000.0,5.81,33700.0,5.82,35500.0,8613000
5.77,1000.0,5.76,65700.0,5.75,108500.0,5.74,105900.0,5.73,118700.0,5.78,81300.0,5.79,34500.0,5.8,96000.0,5.81,33700.0,5.82,35500.0,8673000
5.77,1000.0,5.76,65700.0,5.75,108500.0,5.74,105900.0,5.73,118700.0,5.78,81300.0,5.79,34500.0,5.8,96000.0,5.81,33700.0,5.82,35500.0,8733000
5.77,1000.0,5.76,65700.0,5.75,108500.0,5.74,105900.0,5.73,118700.0,5.78,81300.0,5.79,34500.0,5.8,96000.0,5.81,33700.0,5.82,35500.0,8793000
5.77,1000.0,5.76,65700.0,5.75,108500.0,5.74,105900.0,5.73,118700.0,5.78,81300.0,5.79,34500.0,5.8,96000.0,5.81,33700.0,5.82,35500.0,8853000
5.77,1000.0,5.76,65700.0,5.75,108500.0,5.74,105900.0,5.73,118700.0,5.78,81300.0,5.79,34500.0,5.8,96000.0,5.81,33700.0,5.82,35500.0,8913000
5.77,1000.0,5.76,65700.0,5.75,108500.0,5.74,105900.0,5.73,118700.0,5.78,81300.0,5.79,34500.0,5.8,96000.0,5.81,33700.0,5.82,35500.0,8973000
5.77,1000.0,5.76,65700.0,5.75,108500.0,5.74,105900.0,5.73,118700.0,5.78,81300.0,5.79,34500.0,5.8,96000.0,5.81,33700.0,5.82,35500.0,9033000
5.77,1000.0,5.76,65700.0,5.75,108500.0,5.74,105900.0,5.73,118700.0,5.78,81300.0,5.79,34500.0,5.8,96000.0,5.81,33700.0,5.82,35500.0,9093000
5.77,1000.0,5.76,65700.0,5.75,108500.0,5.74,105900.0,5.73,118700.0,5.78,81300.0,5.79,34500.0,5.8,96000.0,5.81,33700.0,5.82,35500.0,9153000
5.77,1000.0,5.76,65700.0,5.75,108500.0,5.74,105900.0,5.73,118700.0,5.78,81300.0,5.79,34500.0,5.8,96000.0,5.81,33700.0,5.82,35500.0,9213000
5.77,1000.0,5.76,65700.0,5.75,108500.0,5.74,105900.0,5.73,118700.0,5.78,81300.0,5.79,34500.0,5.8,96000.0,5.81,33700.0,5.82,35500.0,9273000
5.77,1000.0,5.76,65700.0,5.75,108500.0,5.74,105900.0,5.73,118700.0,5.78,81300.0,5.79,34500.0,5.8,96000.0,5.81,33700.0,5.82,35500.0,9333000
5.77,1000.0,5.76,65700.0,5.75,108500.0,5.74,105900.0,5.73,118700.0,5.78,81300.0,5.79,34500.0,5.8,96000.0,5.81,33700.0,5.82,35500.0,9393000
5.77,1000.0,5.76,65700.0,5.75,108500.0,5.74,105900.0,5.73,118700.0,5.78,81300.0,5.79,34500.0,5.8,96000.0,5.81,33700.0,5.82,35500.0,9453000
5.77,1000.0,5.76,65700.0,5.75,108500.0,5.74,105900.0,5.73,118700.0,5.78,81300.0,5.79,34500.0,5.8,96000.0,5.81,33700.0,5.82,35500.0,9513000
5.77,1000.0,5.76,65700.0,5.75,108500.0,5.74,105900.0,5.73,118700.0,5.78,81300.0,5.79,34500.0,5.8,96000.0,5.81,33700.0,5.82,35500.0,9573000
5.77,1000.0,5.76,65700.0,5.75,108500.0,5.74,105900.0,5.73,118700.0,5.78,81300.0,5.79,34500.0,5.8,96000.0,5.81,33700.0,5.82,35500.0,9633000
5.77,1000.0,5.76,65700.0,5.75,108500.0,5.74,105900.0,5.73,118700.0,5.78,81300.0,5.79,34500.0,5.8,96000.0,5.81,33700.0,5.82,35500.0,9693000
5.77,1000.0,5.76,65700.0,5.75,108500.0,5.74,105900.0,5.73,118700.0,5.78,81300.0,5.79,34500.0,5.8,96000.0,5.81,33700.0,5.82,35500.0,9753000
5.77,1000.0,5.76,65700.0,5.75,108500.0,5.74,105900.0,5.73,118700.0,5.78,81300.0,5.79,34500.0,5.8,96000.0,5.81,33700.0,5.82,35500.0,9813000
5.77,1000.0,5.76,65700.0,5.75,108500.0,5.74,105900.0,5.73,118700.0,5.78,81300.0,5.79,34500.0,5.8,96000.0,5.81,33700.0,5.82,35500.0,9873000
5.77,1000.0,5.76,65700.0,5.75,108500.0,5.74,105900.0,5.73,118700.0,5.78,81300.0,5.79,34500.0,5.8,96000.0,5.81,33700.0,5.82,35500.0,9933000
5.77,1000.0,5.76,65700.0,5.75,108500.0,5.74,105900.0,5.73,118700.0,5.78,81300.0,5.79,34500.0,5.8,96000.0,5.81,33700.0,5.82,35500.0,9993000
5.77,1000.0,5.76,65700.0,5.75,108500.0,5.74,105900.0,5.73,118700.0,5.78,81300.0,5.79,34500.0,5.8,96000.0,5.81,33700.0,5.82,35500.0,10053000
5.77,1000.0,5.76,65700.0,5.75,108500.0,5.74,105900.0,5.73,118700.0,5.78,81300.0,5.79,34500.0,5.8,96000.0,5.81,33700.0,5.82,35500.0,10113000
5.77,1000.0,5.76,65700.0,5.75,108500.0,5.74,105900.0,5.73,118700.0,5.78,81300.0,5.79,34500.0,5.8,96000.0,5.81,33700.0,5.82,35500.0,10173000
5.77,1000.0,5.76,65700.0,5.75,108500.0,5.74,105900.0,5.73,118700.0,5.78,81300.0,5.79,34500.0,5.8,96000.0,5.81,33700.0,5.82,35500.0,10233000
5.77,1000.0,5.76,65700.0,5.75,108500.0,5.74,105900.0,5.73,118700.0,5.78,81300.0,5.79,34500.0,5.8,96000.0,5.81,33700.0,5.82,35500.0,10293000
5.77,1000.0,5.76,65700.0,5.75,108500.0,5.74,105900.0,5.73,118700.0,5.78,81300.0,5.79,34500.0,5.8,96000.0,5.81,33700.0,5.82,35500.0,10353000
5.77,1000.0,5.76,65700.0,5.75,108500.0,5.74,105900.0,5.73,118700.0,5.78,81300.0,5.79,34500.0,5.8,96000.0,5.81,33700.0,5.82,35500.0,10413000
