BidPrice1,BidVolume1,BidPrice2,BidVolume2,BidPrice3,BidVolume3,BidPrice4,BidVolume4,BidPrice5,BidVolume5,AskPrice1,AskVolume1,AskPrice2,AskVolume2,AskPrice3,AskVolume3,AskPrice4,AskVolume4,AskPrice5,AskVolume5,timeMs
3.79,11200.0,3.77,38800.0,3.73,5100.0,3.72,1300.0,3.71,6200.0,3.8,2900.0,3.81,8500.0,3.85,2800.0,3.86,500.0,3.87,4500.0,900000
3.78,2000.0,3.77,39100.0,3.75,5000.0,3.74,3000.0,3.73,12200.0,3.79,2700.0,3.8,2900.0,3.81,8500.0,3.84,3500.0,3.85,3800.0,903000
3.78,2000.0,3.77,39100.0,3.75,5000.0,3.74,6000.0,3.73,12200.0,3.79,2600.0,3.8,2900.0,3.81,8500.0,3.84,3500.0,3.85,5900.0,906000
3.78,2000.0,3.77,39100.0,3.75,5000.0,3.74,6000.0,3.73,12200.0,3.79,2600.0,3.8,2900.0,3.81,8500.0,3.84,3500.0,3.85,5900.0,909000
3.78,2000.0,3.77,39100.0,3.75,5000.0,3.74,6000.0,3.73,12200.0,3.79,2100.0,3.8,2900.0,3.81,8500.0,3.84,3500.0,3.85,5900.0,912000
3.78,2000.0,3.77,39100.0,3.75,5000.0,3.74,6000.0,3.73,12200.0,3.79,2100.0,3.8,2900.0,3.81,8500.0,3.84,10800.0,3.85,5900.0,924000
3.78,2000.0,3.77,39100.0,3.76,300.0,3.75,5000.0,3.74,6000.0,3.79,2100.0,3.8,2900.0,3.81,8500.0,3.84,10800.0,3.85,5900.0,942000
3.78,2000.0,3.77,44700.0,3.76,300.0,3.75,5000.0,3.74,6000.0,3.79,2100.0,3.8,2900.0,3.81,8500.0,3.84,10800.0,3.85,5900.0,945000
3.78,1700.0,3.77,44700.0,3.76,300.0,3.75,5000.0,3.74,6000.0,3.79,2100.0,3.8,2900.0,3.81,8500.0,3.84,10800.0,3.85,5900.0,951000
3.78,1700.0,3.77,44700.0,3.76,300.0,3.75,5000.0,3.74,6000.0,3.79,2100.0,3.8,2900.0,3.81,8500.0,3.84,10800.0,3.85,15700.0,957000
3.78,1700.0,3.77,44700.0,3.76,300.0,3.75,5000.0,3.74,6000.0,3.79,2100.0,3.8,2900.0,3.81,8500.0,3.83,1000.0,3.84,10800.0,963000
3.79,200.0,3.78,1700.0,3.77,44700.0,3.76,300.0,3.75,5000.0,3.8,2900.0,3.81,8500.0,3.83,1000.0,3.84,10800.0,3.85,15700.0,966000
3.79,200.0,3.78,1700.0,3.77,44700.0,3.76,300.0,3.75,5000.0,3.8,2900.0,3.81,8500.0,3.83,1000.0,3.84,10800.0,3.85,15700.0,969000
3.79,200.0,3.78,1700.0,3.77,44700.0,3.76,300.0,3.75,5000.0,3.8,2900.0,3.81,8500.0,3.83,1000.0,3.84,10800.0,3.85,15700.0,972000
3.79,200.0,3.78,1700.0,3.77,44700.0,3.76,300.0,3.75,5000.0,3.8,3900.0,3.81,8500.0,3.83,1000.0,3.84,10800.0,3.85,15700.0,975000
3.79,100.0,3.78,2200.0,3.77,50300.0,3.76,300.0,3.75,5000.0,3.8,3900.0,3.81,8500.0,3.83,1000.0,3.84,10800.0,3.85,15700.0,978000
3.79,100.0,3.78,2200.0,3.77,50300.0,3.76,300.0,3.75,5000.0,3.8,3900.0,3.81,8500.0,3.83,1000.0,3.84,10800.0,3.85,15700.0,981000
3.78,2200.0,3.77,50300.0,3.76,300.0,3.75,5000.0,3.74,6000.0,3.8,3900.0,3.81,9500.0,3.83,1000.0,3.84,10800.0,3.85,15700.0,987000
3.79,100.0,3.78,2100.0,3.77,50300.0,3.76,300.0,3.75,5000.0,3.8,3900.0,3.81,9500.0,3.83,1000.0,3.84,10800.0,3.85,15700.0,990000
3.78,2100.0,3.77,50300.0,3.76,300.0,3.75,5000.0,3.74,6000.0,3.8,3900.0,3.81,9500.0,3.83,1000.0,3.84,10800.0,3.85,15700.0,999000
3.79,100.0,3.78,2100.0,3.77,50300.0,3.76,300.0,3.75,5000.0,3.8,3300.0,3.81,9500.0,3.83,1000.0,3.84,10800.0,3.85,15700.0,1002000
3.78,2100.0,3.77,50300.0,3.76,300.0,3.75,5500.0,3.74,6000.0,3.8,3300.0,3.81,9500.0,3.83,1000.0,3.84,10800.0,3.85,15700.0,1008000
3.78,1800.0,3.77,50300.0,3.76,300.0,3.75,5500.0,3.74,6000.0,3.8,3300.0,3.81,9500.0,3.83,1000.0,3.84,10800.0,3.85,15700.0,1026000
3.78,1800.0,3.77,50300.0,3.76,300.0,3.75,5500.0,3.74,6000.0,3.79,200.0,3.8,3300.0,3.81,9500.0,3.83,1000.0,3.84,10800.0,1029000
3.78,1800.0,3.77,50300.0,3.76,300.0,3.75,6500.0,3.74,6000.0,3.79,200.0,3.8,3300.0,3.81,9500.0,3.83,1000.0,3.84,10800.0,1038000
3.78,1800.0,3.77,50300.0,3.76,300.0,3.75,6500.0,3.74,6000.0,3.79,200.0,3.8,3300.0,3.81,9500.0,3.82,1000.0,3.83,1000.0,1044000
3.79,34900.0,3.78,1700.0,3.77,50300.0,3.76,300.0,3.75,6500.0,3.8,3300.0,3.81,9500.0,3.82,1000.0,3.83,1000.0,3.84,10800.0,1050000
3.79,34300.0,3.78,1700.0,3.77,50300.0,3.76,300.0,3.75,6500.0,3.8,5500.0,3.81,9500.0,3.82,1000.0,3.83,1000.0,3.84,10800.0,1059000
3.79,34300.0,3.78,1700.0,3.77,50300.0,3.76,300.0,3.75,6500.0,3.8,5500.0,3.81,9500.0,3.82,1000.0,3.83,1000.0,3.84,10800.0,1065000
3.79,34200.0,3.78,1700.0,3.77,50300.0,3.76,300.0,3.75,6500.0,3.8,5500.0,3.81,9500.0,3.82,1000.0,3.83,1000.0,3.84,10800.0,1080000
3.79,34200.0,3.78,1700.0,3.77,50300.0,3.76,300.0,3.75,6500.0,3.8,7500.0,3.81,9500.0,3.82,1000.0,3.83,1000.0,3.84,10800.0,1083000
3.78,1700.0,3.77,50300.0,3.76,300.0,3.75,6500.0,3.74,6000.0,3.8,7500.0,3.81,9500.0,3.82,1000.0,3.83,1000.0,3.84,10800.0,1089000
3.77,50300.0,3.76,300.0,3.75,6500.0,3.74,6000.0,3.73,12200.0,3.78,3700.0,3.8,7500.0,3.81,9500.0,3.82,1000.0,3.83,1000.0,1092000
3.77,50300.0,3.76,300.0,3.75,6500.0,3.74,6000.0,3.73,12200.0,3.78,3700.0,3.8,7500.0,3.81,9500.0,3.82,1000.0,3.83,1000.0,1095000
3.77,50300.0,3.76,300.0,3.75,6500.0,3.74,6000.0,3.73,12200.0,3.78,3700.0,3.8,7500.0,3.81,9500.0,3.82,1000.0,3.83,1000.0,1110000
3.77,50300.0,3.75,6500.0,3.74,6000.0,3.73,12200.0,3.72,2500.0,3.78,3700.0,3.8,8500.0,3.81,9500.0,3.82,1000.0,3.83,1000.0,1113000
3.77,50300.0,3.75,6800.0,3.74,6000.0,3.73,12200.0,3.72,2500.0,3.78,3700.0,3.8,8500.0,3.81,9500.0,3.82,1000.0,3.83,1000.0,1122000
3.77,4500.0,3.76,2000.0,3.75,6800.0,3.74,6000.0,3.73,12200.0,3.78,3700.0,3.8,8500.0,3.81,9500.0,3.82,1000.0,3.83,1000.0,1128000
3.77,4500.0,3.76,2000.0,3.75,6800.0,3.74,6000.0,3.73,12200.0,3.78,1100.0,3.8,8500.0,3.81,9500.0,3.82,1000.0,3.83,1000.0,1131000
3.78,1900.0,3.77,4500.0,3.76,2000.0,3.75,6800.0,3.74,6000.0,3.8,8500.0,3.81,9500.0,3.82,1000.0,3.83,1000.0,3.84,10800.0,1134000
3.78,5800.0,3.77,5400.0,3.76,2000.0,3.75,6800.0,3.74,6000.0,3.8,8500.0,3.81,9500.0,3.82,1000.0,3.83,1000.0,3.84,10800.0,1137000
3.78,5800.0,3.77,5400.0,3.76,2000.0,3.75,6800.0,3.74,6000.0,3.8,42500.0,3.81,9500.0,3.82,1000.0,3.83,1000.0,3.84,10800.0,1146000
3.78,2000.0,3.77,5400.0,3.76,2000.0,3.75,6800.0,3.74,6000.0,3.8,42500.0,3.81,9500.0,3.82,1000.0,3.83,1000.0,3.84,10800.0,1149000
3.77,8800.0,3.76,2000.0,3.75,6800.0,3.74,6000.0,3.73,12200.0,3.78,1700.0,3.8,42500.0,3.81,9500.0,3.82,1000.0,3.83,1000.0,1152000
3.77,8800.0,3.76,2000.0,3.75,6800.0,3.74,6400.0,3.73,12200.0,3.78,1700.0,3.8,42500.0,3.81,9500.0,3.82,1000.0,3.83,1000.0,1185000
3.77,8800.0,3.75,6800.0,3.74,6400.0,3.73,12200.0,3.72,2500.0,3.78,1700.0,3.8,42500.0,3.81,9500.0,3.82,1000.0,3.83,1000.0,1188000
3.77,8800.0,3.75,8800.0,3.74,6400.0,3.73,12200.0,3.72,2500.0,3.78,1700.0,3.8,42500.0,3.81,9500.0,3.82,1000.0,3.83,1000.0,1200000
3.77,8800.0,3.75,8800.0,3.74,6400.0,3.73,12200.0,3.72,2500.0,3.8,42500.0,3.81,9500.0,3.82,1000.0,3.83,1000.0,3.84,10800.0,1206000
3.77,8800.0,3.75,8800.0,3.74,15100.0,3.73,12200.0,3.72,2500.0,3.8,42500.0,3.81,9500.0,3.82,1000.0,3.83,1000.0,3.84,10800.0,1209000
3.78,500.0,3.77,8300.0,3.75,8800.0,3.74,15100.0,3.73,12200.0,3.8,42500.0,3.81,9500.0,3.82,1000.0,3.83,1000.0,3.84,10800.0,1212000
3.78,500.0,3.77,8300.0,3.75,7800.0,3.74,15100.0,3.73,12200.0,3.8,42500.0,3.81,9500.0,3.82,1000.0,3.83,1000.0,3.84,10800.0,1215000
3.78,500.0,3.77,8300.0,3.75,7800.0,3.74,15100.0,3.73,12200.0,3.8,42500.0,3.81,9500.0,3.82,1000.0,3.83,1000.0,3.84,10800.0,1227000
3.78,500.0,3.77,8300.0,3.75,7800.0,3.74,15100.0,3.73,12200.0,3.8,42500.0,3.81,9500.0,3.82,1000.0,3.83,1000.0,3.84,10800.0,1233000
3.78,1200.0,3.77,8300.0,3.75,7800.0,3.74,15100.0,3.73,12200.0,3.8,42500.0,3.81,9500.0,3.82,1000.0,3.83,1000.0,3.84,10800.0,1254000
3.78,2200.0,3.77,8300.0,3.75,7800.0,3.74,15100.0,3.73,12200.0,3.8,42500.0,3.81,9500.0,3.82,1000.0,3.83,1000.0,3.84,10800.0,1287000
3.78,2200.0,3.77,8300.0,3.75,7800.0,3.74,15100.0,3.73,12200.0,3.8,42500.0,3.81,9500.0,3.82,1000.0,3.83,1000.0,3.84,10800.0,1290000
3.78,2200.0,3.77,8300.0,3.75,7800.0,3.74,15100.0,3.73,12200.0,3.8,42500.0,3.81,9500.0,3.82,1000.0,3.83,1000.0,3.84,10800.0,1296000
3.78,5200.0,3.77,8300.0,3.75,7800.0,3.74,15100.0,3.73,12200.0,3.8,42500.0,3.81,9500.0,3.82,1000.0,3.83,1000.0,3.84,10800.0,1305000
3.78,4200.0,3.77,8300.0,3.75,7800.0,3.74,15100.0,3.73,12200.0,3.8,42500.0,3.81,9500.0,3.82,1000.0,3.83,1000.0,3.84,10800.0,1308000
3.78,4200.0,3.77,8300.0,3.75,8900.0,3.74,15100.0,3.73,12200.0,3.8,42500.0,3.81,9500.0,3.82,1000.0,3.83,1000.0,3.84,10800.0,1311000
3.78,4700.0,3.77,8300.0,3.75,8900.0,3.74,15100.0,3.73,12200.0,3.8,42500.0,3.81,9500.0,3.82,1000.0,3.83,1000.0,3.84,10800.0,1317000
3.78,4400.0,3.77,8300.0,3.75,8900.0,3.74,15100.0,3.73,12200.0,3.8,42500.0,3.81,9500.0,3.82,1000.0,3.83,1000.0,3.84,10800.0,1320000
3.77,8300.0,3.75,8900.0,3.74,15100.0,3.73,12200.0,3.72,2500.0,3.78,6100.0,3.8,42500.0,3.81,9500.0,3.82,1000.0,3.83,1000.0,1329000
3.77,9300.0,3.75,8900.0,3.74,15100.0,3.73,12200.0,3.72,2500.0,3.78,6100.0,3.8,42500.0,3.81,9500.0,3.82,1000.0,3.83,1000.0,1335000
3.77,9300.0,3.75,8900.0,3.74,15100.0,3.73,12200.0,3.72,2500.0,3.78,6000.0,3.8,42500.0,3.81,9500.0,3.82,1000.0,3.83,1000.0,1341000
3.77,9300.0,3.75,8900.0,3.74,15100.0,3.73,12200.0,3.72,1900.0,3.78,6000.0,3.8,42500.0,3.81,9500.0,3.82,1000.0,3.83,36000.0,1347000
3.77,10300.0,3.75,8900.0,3.74,15100.0,3.73,12200.0,3.72,1900.0,3.78,6000.0,3.8,42500.0,3.81,9500.0,3.82,1000.0,3.83,36000.0,1350000
3.77,10300.0,3.76,2000.0,3.75,8900.0,3.74,15100.0,3.73,12200.0,3.78,3000.0,3.8,42500.0,3.81,9500.0,3.82,1000.0,3.83,36000.0,1353000
3.77,10300.0,3.76,2600.0,3.75,8900.0,3.74,15100.0,3.73,12200.0,3.78,3000.0,3.8,42500.0,3.81,9500.0,3.82,1000.0,3.83,36000.0,1374000
3.77,10300.0,3.76,2600.0,3.75,8900.0,3.74,6400.0,3.73,12200.0,3.78,3000.0,3.8,42500.0,3.81,9500.0,3.82,1000.0,3.83,36000.0,1383000
3.77,9800.0,3.76,2600.0,3.75,8900.0,3.74,6400.0,3.73,12200.0,3.78,5200.0,3.8,42500.0,3.81,9500.0,3.82,1000.0,3.83,36000.0,1386000
3.77,28900.0,3.76,2600.0,3.75,8900.0,3.74,6400.0,3.73,12200.0,3.78,5000.0,3.8,42500.0,3.81,9500.0,3.82,1000.0,3.83,36000.0,1389000
3.77,28900.0,3.76,11200.0,3.75,8900.0,3.74,6400.0,3.73,12200.0,3.78,5000.0,3.8,42500.0,3.81,9500.0,3.82,1000.0,3.83,36000.0,1398000
3.77,28900.0,3.76,11200.0,3.75,8900.0,3.74,6400.0,3.73,12200.0,3.78,3500.0,3.8,42500.0,3.81,9500.0,3.82,1000.0,3.83,36000.0,1404000
3.77,28400.0,3.76,11200.0,3.75,8900.0,3.74,6400.0,3.73,12200.0,3.78,3400.0,3.8,42500.0,3.81,9500.0,3.82,1000.0,3.83,36000.0,1407000
3.77,28400.0,3.76,11200.0,3.75,8900.0,3.74,6400.0,3.73,12200.0,3.78,2800.0,3.8,42500.0,3.81,9500.0,3.82,1000.0,3.83,36000.0,1419000
3.77,28400.0,3.76,11200.0,3.75,8900.0,3.74,6400.0,3.73,12200.0,3.78,2800.0,3.8,42500.0,3.81,9500.0,3.82,1000.0,3.83,36000.0,1437000
3.78,42300.0,3.77,27400.0,3.76,11200.0,3.75,8900.0,3.74,6400.0,3.8,42500.0,3.81,9500.0,3.82,1000.0,3.83,36000.0,3.84,10800.0,1440000
3.78,42300.0,3.77,27400.0,3.76,11200.0,3.75,8900.0,3.74,6800.0,3.8,42500.0,3.81,9500.0,3.82,1000.0,3.83,36000.0,3.84,10800.0,1443000
3.78,43400.0,3.77,27400.0,3.76,11200.0,3.75,8900.0,3.74,6800.0,3.8,42500.0,3.81,9500.0,3.82,1000.0,3.83,36000.0,3.84,10800.0,1446000
3.79,8900.0,3.78,42500.0,3.77,27400.0,3.76,11200.0,3.75,8900.0,3.8,42500.0,3.81,9500.0,3.82,1000.0,3.83,36000.0,3.84,10800.0,1458000
3.79,8900.0,3.78,35200.0,3.77,27400.0,3.76,11200.0,3.75,8900.0,3.8,42500.0,3.81,9500.0,3.82,1000.0,3.83,36000.0,3.84,10800.0,1464000
3.79,5300.0,3.78,34900.0,3.77,27400.0,3.76,11200.0,3.75,8900.0,3.8,42500.0,3.81,9500.0,3.82,1000.0,3.83,36000.0,3.84,10800.0,1473000
3.79,5300.0,3.78,34900.0,3.77,27400.0,3.76,11200.0,3.75,8900.0,3.8,42500.0,3.81,9500.0,3.82,1000.0,3.83,36000.0,3.84,10800.0,1485000
3.79,3400.0,3.78,36600.0,3.77,27400.0,3.76,11200.0,3.75,8900.0,3.81,9500.0,3.82,1000.0,3.83,36000.0,3.84,10800.0,3.85,15700.0,1533000
3.8,1500.0,3.79,3400.0,3.78,36600.0,3.77,27400.0,3.76,11200.0,3.81,9500.0,3.82,1000.0,3.83,36000.0,3.84,10800.0,3.85,15700.0,1542000
3.8,2000.0,3.79,3400.0,3.78,36600.0,3.77,27400.0,3.76,11200.0,3.81,9500.0,3.82,1000.0,3.83,36000.0,3.84,10800.0,3.85,15700.0,1545000
3.8,1000.0,3.79,3400.0,3.78,36600.0,3.77,26500.0,3.76,11200.0,3.81,9500.0,3.82,1000.0,3.83,36000.0,3.84,10800.0,3.85,15700.0,1557000
3.8,1000.0,3.79,3400.0,3.78,36600.0,3.77,27500.0,3.76,11200.0,3.81,9500.0,3.82,1000.0,3.83,36000.0,3.84,10800.0,3.85,15700.0,1560000
3.8,1000.0,3.79,3400.0,3.78,36600.0,3.77,27500.0,3.76,11200.0,3.81,9500.0,3.82,1000.0,3.83,36000.0,3.84,10800.0,3.85,15700.0,1563000
3.79,3400.0,3.78,36600.0,3.77,27500.0,3.76,11200.0,3.75,3900.0,3.8,3400.0,3.81,9500.0,3.82,1000.0,3.83,36000.0,3.84,7300.0,1566000
3.79,3400.0,3.78,36600.0,3.77,27500.0,3.76,11200.0,3.75,3900.0,3.8,1200.0,3.81,9500.0,3.82,1000.0,3.83,36000.0,3.84,7300.0,1569000
3.79,3400.0,3.78,36600.0,3.77,27500.0,3.76,11200.0,3.75,3900.0,3.8,1200.0,3.81,9500.0,3.82,1000.0,3.83,36000.0,3.84,7300.0,1578000
3.79,6000.0,3.78,36600.0,3.77,27500.0,3.76,11200.0,3.75,3900.0,3.8,1200.0,3.81,9500.0,3.82,1000.0,3.83,36000.0,3.84,7300.0,1584000
3.79,6000.0,3.78,36600.0,3.77,27500.0,3.76,11200.0,3.75,3900.0,3.8,1600.0,3.81,9500.0,3.82,1000.0,3.83,36000.0,3.84,7300.0,1596000
3.79,6000.0,3.78,36600.0,3.77,27500.0,3.76,11200.0,3.75,3900.0,3.8,1600.0,3.81,9500.0,3.82,5200.0,3.83,36000.0,3.84,7300.0,1620000
3.8,10400.0,3.79,6000.0,3.78,36600.0,3.77,27500.0,3.76,11200.0,3.81,9500.0,3.82,5200.0,3.83,36000.0,3.84,7300.0,3.85,15700.0,1623000
3.8,6800.0,3.79,6000.0,3.78,36600.0,3.77,27500.0,3.76,11200.0,3.81,9500.0,3.82,5200.0,3.83,1000.0,3.84,7300.0,3.85,15700.0,1650000
3.8,6800.0,3.79,9700.0,3.78,36600.0,3.77,27500.0,3.76,11200.0,3.81,9500.0,3.82,5200.0,3.83,1000.0,3.84,7300.0,3.85,15700.0,1653000
3.79,9700.0,3.78,36600.0,3.77,27500.0,3.76,11200.0,3.75,3900.0,3.81,9500.0,3.82,5200.0,3.83,1000.0,3.84,7300.0,3.85,15700.0,1656000
3.79,9700.0,3.78,36600.0,3.77,27500.0,3.76,11200.0,3.75,3900.0,3.8,500.0,3.81,9500.0,3.82,5200.0,3.83,1000.0,3.84,7300.0,1659000
3.79,9700.0,3.78,37600.0,3.77,27500.0,3.76,10600.0,3.75,3900.0,3.8,500.0,3.81,9500.0,3.82,5200.0,3.83,1000.0,3.84,7300.0,1680000
3.8,100.0,3.79,9700.0,3.78,37600.0,3.77,26500.0,3.76,10600.0,3.81,9500.0,3.82,5200.0,3.83,1000.0,3.84,7300.0,3.85,15700.0,1695000
3.8,100.0,3.79,9700.0,3.78,37600.0,3.77,26500.0,3.76,10600.0,3.81,9500.0,3.82,5200.0,3.83,1000.0,3.84,7300.0,3.85,15700.0,1698000
3.8,100.0,3.79,6800.0,3.78,37600.0,3.77,26500.0,3.76,10600.0,3.81,9500.0,3.82,5200.0,3.83,1000.0,3.84,7300.0,3.85,15700.0,1704000
3.8,100.0,3.79,6800.0,3.78,37600.0,3.77,26500.0,3.76,10600.0,3.81,9500.0,3.82,5200.0,3.83,1000.0,3.84,7300.0,3.85,15700.0,1707000
3.8,100.0,3.79,6800.0,3.78,37600.0,3.77,26500.0,3.76,10600.0,3.81,9500.0,3.82,5200.0,3.83,1000.0,3.84,7300.0,3.85,15700.0,1713000
3.8,100.0,3.79,6800.0,3.78,37000.0,3.77,26500.0,3.76,10600.0,3.81,9500.0,3.82,5200.0,3.83,1000.0,3.84,7300.0,3.85,15700.0,1725000
3.8,1000.0,3.79,6800.0,3.78,37000.0,3.77,26500.0,3.76,10600.0,3.81,9500.0,3.82,5200.0,3.83,1000.0,3.84,7300.0,3.85,15700.0,1761000
3.79,6800.0,3.78,37000.0,3.77,26500.0,3.76,10600.0,3.75,14300.0,3.8,4000.0,3.81,9500.0,3.82,5200.0,3.83,1000.0,3.84,7300.0,1773000
3.79,6800.0,3.78,37000.0,3.77,26500.0,3.76,10600.0,3.75,13200.0,3.8,4000.0,3.81,9500.0,3.82,5200.0,3.83,1000.0,3.84,7300.0,1791000
3.79,6800.0,3.78,37000.0,3.77,26500.0,3.76,10900.0,3.75,13200.0,3.8,4000.0,3.81,9500.0,3.82,5200.0,3.83,1000.0,3.84,7300.0,1794000
3.79,6800.0,3.78,37000.0,3.77,26500.0,3.76,10900.0,3.75,14200.0,3.8,4000.0,3.81,9500.0,3.82,5200.0,3.83,1000.0,3.84,7300.0,1797000
3.79,4200.0,3.78,37000.0,3.77,26500.0,3.76,10900.0,3.75,14200.0,3.8,4000.0,3.81,9500.0,3.82,5200.0,3.83,1000.0,3.84,7300.0,1803000
3.79,4200.0,3.78,37000.0,3.77,26500.0,3.76,10900.0,3.75,14200.0,3.8,5000.0,3.81,9500.0,3.82,5200.0,3.83,1000.0,3.84,7300.0,1827000
3.79,4200.0,3.78,37000.0,3.77,26500.0,3.76,10900.0,3.75,13900.0,3.8,5000.0,3.81,9500.0,3.82,5200.0,3.83,1000.0,3.84,7300.0,1830000
3.79,4200.0,3.78,45000.0,3.77,26500.0,3.76,10900.0,3.75,13900.0,3.8,5000.0,3.81,9500.0,3.82,5200.0,3.83,1000.0,3.84,7300.0,1836000
3.79,4200.0,3.78,45000.0,3.77,26900.0,3.76,10900.0,3.75,13900.0,3.8,5000.0,3.81,9500.0,3.82,5200.0,3.83,1000.0,3.84,7300.0,1839000
3.79,4200.0,3.78,45000.0,3.77,26900.0,3.76,10900.0,3.75,13900.0,3.8,5300.0,3.81,9500.0,3.82,5200.0,3.83,1000.0,3.84,7300.0,1860000
3.79,4200.0,3.78,11000.0,3.77,26900.0,3.76,10900.0,3.75,13900.0,3.8,5300.0,3.81,9500.0,3.82,5200.0,3.83,1000.0,3.84,7300.0,1866000
3.79,2600.0,3.78,11000.0,3.77,26900.0,3.76,10900.0,3.75,13900.0,3.8,5300.0,3.81,9500.0,3.82,5200.0,3.83,1000.0,3.84,7300.0,1869000
3.79,3200.0,3.78,11000.0,3.77,26900.0,3.76,10900.0,3.75,13900.0,3.8,5300.0,3.81,9500.0,3.82,5200.0,3.83,1000.0,3.84,7300.0,1881000
3.79,3200.0,3.78,11000.0,3.77,26900.0,3.76,10900.0,3.75,13900.0,3.8,3700.0,3.81,9500.0,3.82,5200.0,3.83,1000.0,3.84,7300.0,1890000
3.79,3200.0,3.78,11000.0,3.77,28300.0,3.76,10900.0,3.75,13900.0,3.8,3700.0,3.81,9500.0,3.82,5200.0,3.83,1000.0,3.84,7300.0,1896000
3.79,3200.0,3.78,11000.0,3.77,28300.0,3.76,10900.0,3.75,13900.0,3.8,2400.0,3.81,9500.0,3.82,5200.0,3.83,1000.0,3.84,7300.0,1899000
3.79,3200.0,3.78,11000.0,3.77,28300.0,3.76,10900.0,3.75,13900.0,3.8,2400.0,3.81,9500.0,3.82,5200.0,3.83,1000.0,3.84,7300.0,1902000
3.79,2600.0,3.78,11000.0,3.77,28300.0,3.76,10900.0,3.75,13900.0,3.8,2400.0,3.81,9500.0,3.82,5200.0,3.83,1000.0,3.84,7300.0,1905000
3.79,2600.0,3.78,13600.0,3.77,28300.0,3.76,10900.0,3.75,13900.0,3.8,2400.0,3.81,9500.0,3.82,5200.0,3.83,1000.0,3.84,7300.0,1911000
3.79,2600.0,3.78,15200.0,3.77,28300.0,3.76,10900.0,3.75,13900.0,3.8,2200.0,3.81,9500.0,3.82,5200.0,3.83,1000.0,3.84,7300.0,1914000
3.79,2600.0,3.78,15200.0,3.77,28300.0,3.76,10900.0,3.75,13900.0,3.8,1000.0,3.81,9500.0,3.82,5200.0,3.83,1000.0,3.84,7300.0,1935000
3.79,3600.0,3.78,15200.0,3.77,28300.0,3.76,10900.0,3.75,13900.0,3.8,1000.0,3.81,9500.0,3.82,5200.0,3.83,1000.0,3.84,7300.0,1944000
3.79,3600.0,3.78,15200.0,3.77,28300.0,3.76,10900.0,3.75,13900.0,3.8,1000.0,3.81,9500.0,3.82,5200.0,3.83,1000.0,3.84,7300.0,1947000
3.8,100.0,3.79,3600.0,3.78,15200.0,3.77,28300.0,3.76,10900.0,3.81,9500.0,3.82,5200.0,3.83,1000.0,3.84,7300.0,3.85,16700.0,1971000
3.8,100.0,3.79,3600.0,3.78,15200.0,3.77,28300.0,3.76,10900.0,3.81,9500.0,3.82,5200.0,3.83,1000.0,3.84,7300.0,3.85,16700.0,1989000
3.8,100.0,3.79,3600.0,3.78,15200.0,3.77,28300.0,3.76,10900.0,3.81,9500.0,3.82,5200.0,3.83,1000.0,3.84,7300.0,3.85,16700.0,1995000
3.8,100.0,3.79,3600.0,3.78,15200.0,3.77,28300.0,3.76,10900.0,3.81,9500.0,3.82,5200.0,3.83,1000.0,3.84,7300.0,3.85,16700.0,2010000
3.79,4300.0,3.78,15200.0,3.77,28300.0,3.76,10900.0,3.75,13900.0,3.8,4100.0,3.81,9500.0,3.82,5200.0,3.83,1000.0,3.84,7300.0,2034000
3.79,4300.0,3.78,15200.0,3.77,28300.0,3.76,10900.0,3.75,13900.0,3.8,4100.0,3.81,9500.0,3.82,5200.0,3.83,1000.0,3.84,7300.0,2055000
3.79,4300.0,3.78,15200.0,3.77,28300.0,3.76,10900.0,3.75,13900.0,3.8,4100.0,3.81,9500.0,3.82,5200.0,3.83,1000.0,3.84,7300.0,2061000
3.79,4300.0,3.78,15200.0,3.77,28300.0,3.76,10900.0,3.75,13900.0,3.8,2600.0,3.81,9500.0,3.82,5200.0,3.83,1000.0,3.84,7300.0,2076000
3.79,4300.0,3.78,15200.0,3.77,28300.0,3.76,10900.0,3.75,14700.0,3.8,2600.0,3.81,9500.0,3.82,5200.0,3.83,1000.0,3.84,7300.0,2082000
3.79,4300.0,3.78,15200.0,3.77,28300.0,3.76,10900.0,3.75,14700.0,3.8,2600.0,3.81,9500.0,3.82,5200.0,3.83,1000.0,3.84,7300.0,2097000
3.79,9200.0,3.78,15200.0,3.77,28300.0,3.76,10900.0,3.75,14700.0,3.8,2600.0,3.81,9500.0,3.82,5200.0,3.83,1000.0,3.84,7300.0,2100000
3.79,9200.0,3.78,15200.0,3.77,31300.0,3.76,10900.0,3.75,14700.0,3.8,4400.0,3.81,9500.0,3.82,5200.0,3.83,1000.0,3.84,7300.0,2112000
3.79,9200.0,3.78,15200.0,3.77,31300.0,3.76,10900.0,3.75,15200.0,3.8,4400.0,3.81,9500.0,3.82,5200.0,3.83,1000.0,3.84,7300.0,2115000
3.79,9200.0,3.78,15200.0,3.77,31300.0,3.76,10900.0,3.75,15200.0,3.8,4400.0,3.81,9500.0,3.82,5200.0,3.83,5000.0,3.84,7300.0,2118000
3.79,9200.0,3.78,15200.0,3.77,31300.0,3.76,10900.0,3.75,15500.0,3.8,4400.0,3.81,9500.0,3.82,5200.0,3.83,5000.0,3.84,7300.0,2124000
3.79,9200.0,3.78,15200.0,3.77,31300.0,3.76,10900.0,3.75,15500.0,3.8,4400.0,3.81,9500.0,3.82,5200.0,3.83,5000.0,3.84,7300.0,2133000
3.79,9200.0,3.78,15200.0,3.77,31300.0,3.76,10900.0,3.75,15500.0,3.8,4400.0,3.81,1000.0,3.82,5200.0,3.83,5000.0,3.84,7300.0,2136000
3.79,11000.0,3.78,15200.0,3.77,31300.0,3.76,10900.0,3.75,15500.0,3.8,4400.0,3.81,1000.0,3.82,5200.0,3.83,5000.0,3.84,7300.0,2142000
3.79,11300.0,3.78,15200.0,3.77,31300.0,3.76,10900.0,3.75,15500.0,3.8,4400.0,3.81,1000.0,3.82,5200.0,3.83,5000.0,3.84,7300.0,2145000
3.79,9500.0,3.78,15200.0,3.77,31300.0,3.76,10900.0,3.75,15500.0,3.8,4400.0,3.81,1000.0,3.82,5200.0,3.83,6300.0,3.84,7300.0,2151000
3.79,9500.0,3.78,15200.0,3.77,31300.0,3.76,10900.0,3.75,15500.0,3.8,3200.0,3.81,1000.0,3.82,5200.0,3.83,6300.0,3.84,7300.0,2166000
3.79,9500.0,3.78,15200.0,3.77,31300.0,3.76,10900.0,3.75,15500.0,3.8,2300.0,3.81,1000.0,3.82,5200.0,3.83,6300.0,3.84,7300.0,2169000
3.8,500.0,3.79,9500.0,3.78,15200.0,3.77,31300.0,3.76,10900.0,3.81,1000.0,3.82,5200.0,3.83,6300.0,3.84,7300.0,3.85,34500.0,2175000
3.79,9200.0,3.78,15200.0,3.77,31300.0,3.76,10900.0,3.75,15500.0,3.8,500.0,3.81,1000.0,3.82,5200.0,3.83,6300.0,3.84,7300.0,2190000
3.79,9000.0,3.78,15200.0,3.77,31300.0,3.76,10900.0,3.75,15500.0,3.8,300.0,3.81,1000.0,3.82,5200.0,3.83,6300.0,3.84,7300.0,2193000
3.79,9000.0,3.78,15200.0,3.77,31300.0,3.76,10900.0,3.75,15500.0,3.82,3900.0,3.83,6300.0,3.84,7300.0,3.85,34500.0,3.86,34800.0,2196000
3.79,9000.0,3.78,15200.0,3.77,31300.0,3.76,10900.0,3.75,15500.0,3.81,8500.0,3.82,3900.0,3.83,6300.0,3.84,7300.0,3.85,34500.0,2205000
3.79,9000.0,3.78,15200.0,3.77,31300.0,3.76,11900.0,3.75,15500.0,3.81,8500.0,3.82,3900.0,3.83,6300.0,3.84,7300.0,3.85,34500.0,2211000
3.79,9000.0,3.78,15200.0,3.77,31300.0,3.76,11900.0,3.75,15500.0,3.81,8500.0,3.82,3900.0,3.83,6300.0,3.84,7300.0,3.85,34500.0,2217000
3.79,9600.0,3.78,15200.0,3.77,31300.0,3.76,11900.0,3.75,15500.0,3.81,8500.0,3.82,3900.0,3.83,6300.0,3.84,7300.0,3.85,34500.0,2220000
3.79,9600.0,3.78,15200.0,3.77,32300.0,3.76,11900.0,3.75,15500.0,3.81,7200.0,3.82,3900.0,3.83,6300.0,3.84,7300.0,3.85,34500.0,2223000
3.8,1000.0,3.79,9600.0,3.78,15200.0,3.77,32300.0,3.76,11900.0,3.81,8400.0,3.82,3900.0,3.83,6300.0,3.84,7300.0,3.85,34500.0,2226000
3.8,1000.0,3.79,9600.0,3.78,15200.0,3.77,32300.0,3.76,11900.0,3.81,8400.0,3.82,3900.0,3.83,6300.0,3.84,7300.0,3.85,34500.0,2235000
3.8,1000.0,3.79,10100.0,3.78,15200.0,3.77,32300.0,3.76,11900.0,3.81,8400.0,3.82,3900.0,3.83,6300.0,3.84,7300.0,3.85,34500.0,2238000
3.8,1000.0,3.79,10100.0,3.78,15200.0,3.77,32300.0,3.76,11900.0,3.81,8400.0,3.82,3900.0,3.83,6300.0,3.84,8600.0,3.85,34500.0,2244000
3.8,1000.0,3.79,10100.0,3.78,15200.0,3.77,42300.0,3.76,11900.0,3.81,8400.0,3.82,3900.0,3.83,6300.0,3.84,8600.0,3.85,34500.0,2247000
3.8,1000.0,3.79,10100.0,3.78,15200.0,3.77,42300.0,3.76,11900.0,3.81,8300.0,3.82,3900.0,3.83,6300.0,3.84,8600.0,3.85,34500.0,2259000
3.8,1000.0,3.79,10100.0,3.78,12600.0,3.77,42300.0,3.76,11900.0,3.81,8100.0,3.82,3900.0,3.83,6300.0,3.84,8600.0,3.85,34500.0,2268000
3.8,2800.0,3.79,10100.0,3.78,12600.0,3.77,42300.0,3.76,11900.0,3.81,8100.0,3.82,3900.0,3.83,6300.0,3.84,8600.0,3.85,34500.0,2271000
3.8,2800.0,3.79,10100.0,3.78,12600.0,3.77,42300.0,3.76,11900.0,3.81,8100.0,3.82,3900.0,3.83,9900.0,3.84,8600.0,3.85,34500.0,2274000
3.8,3600.0,3.79,10100.0,3.78,13600.0,3.77,42300.0,3.76,11900.0,3.81,8100.0,3.82,3900.0,3.83,9900.0,3.84,8600.0,3.85,34500.0,2277000
3.8,3600.0,3.79,10100.0,3.78,13600.0,3.77,42300.0,3.76,11900.0,3.81,3100.0,3.82,3900.0,3.83,9900.0,3.84,8600.0,3.85,34500.0,2280000
3.8,3600.0,3.79,11900.0,3.78,13600.0,3.77,42300.0,3.76,11900.0,3.81,3100.0,3.82,3900.0,3.83,9900.0,3.84,8600.0,3.85,34500.0,2283000
3.8,3600.0,3.79,11900.0,3.78,13600.0,3.77,42300.0,3.76,11900.0,3.81,3100.0,3.82,3900.0,3.83,9900.0,3.84,33500.0,3.85,34500.0,2289000
3.8,5700.0,3.79,11900.0,3.78,13600.0,3.77,42300.0,3.76,11900.0,3.81,3100.0,3.82,3900.0,3.83,9900.0,3.84,33500.0,3.85,34500.0,2292000
3.8,5700.0,3.79,11900.0,3.78,13600.0,3.77,42300.0,3.76,11900.0,3.81,3000.0,3.82,3900.0,3.83,9900.0,3.84,33500.0,3.85,34500.0,2295000
3.8,6700.0,3.79,11900.0,3.78,13600.0,3.77,42300.0,3.76,11900.0,3.81,3000.0,3.82,3900.0,3.83,9900.0,3.84,33500.0,3.85,34500.0,2304000
3.8,6700.0,3.79,11900.0,3.78,13600.0,3.77,42300.0,3.76,11900.0,3.81,2900.0,3.82,3900.0,3.83,9900.0,3.84,33500.0,3.85,34500.0,2310000
3.8,6700.0,3.79,11900.0,3.78,13600.0,3.77,42300.0,3.76,11900.0,3.81,2700.0,3.82,3900.0,3.83,9900.0,3.84,33500.0,3.85,34500.0,2313000
3.8,6700.0,3.79,11600.0,3.78,13600.0,3.77,42300.0,3.76,11900.0,3.81,2700.0,3.82,3900.0,3.83,9900.0,3.84,33500.0,3.85,34500.0,2319000
3.8,6700.0,3.79,11600.0,3.78,13600.0,3.77,42300.0,3.76,11900.0,3.81,2700.0,3.82,13300.0,3.83,9900.0,3.84,33500.0,3.85,34500.0,2334000
3.8,13200.0,3.79,11600.0,3.78,13600.0,3.77,42300.0,3.76,11900.0,3.81,2700.0,3.82,13300.0,3.83,9900.0,3.84,33500.0,3.85,34500.0,2349000
3.8,13200.0,3.79,11600.0,3.78,13600.0,3.77,42300.0,3.76,11900.0,3.81,2700.0,3.82,13300.0,3.83,9900.0,3.84,33500.0,3.85,34500.0,2364000
3.8,13200.0,3.79,11600.0,3.78,13600.0,3.77,42300.0,3.76,11900.0,3.81,2700.0,3.82,13300.0,3.83,9900.0,3.84,33500.0,3.85,34500.0,2370000
3.8,27900.0,3.79,11600.0,3.78,13600.0,3.77,42300.0,3.76,11900.0,3.81,2700.0,3.82,13300.0,3.83,9900.0,3.84,33500.0,3.85,34500.0,2373000
3.8,27900.0,3.79,11600.0,3.78,13600.0,3.77,42300.0,3.76,11900.0,3.81,2700.0,3.82,14200.0,3.83,9900.0,3.84,33500.0,3.85,34500.0,2382000
3.8,27900.0,3.79,11600.0,3.78,13600.0,3.77,42300.0,3.76,11900.0,3.81,2700.0,3.82,14200.0,3.83,9900.0,3.84,33500.0,3.85,34500.0,2418000
3.8,27900.0,3.79,11600.0,3.78,13600.0,3.77,42900.0,3.76,11900.0,3.81,2700.0,3.82,14200.0,3.83,9900.0,3.84,33500.0,3.85,34500.0,2427000
3.8,27900.0,3.79,11600.0,3.78,13600.0,3.77,42900.0,3.76,11900.0,3.81,2700.0,3.82,14200.0,3.83,9900.0,3.84,33500.0,3.85,34500.0,2439000
3.8,27900.0,3.79,11600.0,3.78,13600.0,3.77,42900.0,3.76,11900.0,3.81,2800.0,3.82,14200.0,3.83,9900.0,3.84,33500.0,3.85,34500.0,2451000
3.8,27900.0,3.79,11600.0,3.78,13600.0,3.77,22900.0,3.76,11900.0,3.81,2800.0,3.82,14200.0,3.83,9900.0,3.84,33500.0,3.85,34500.0,2463000
3.8,27900.0,3.79,11600.0,3.78,13600.0,3.77,22900.0,3.76,11900.0,3.81,2800.0,3.82,14200.0,3.83,9900.0,3.84,33500.0,3.85,34500.0,2472000
3.8,27900.0,3.79,11000.0,3.78,13600.0,3.77,22900.0,3.76,11900.0,3.81,2800.0,3.82,14200.0,3.83,9900.0,3.84,33500.0,3.85,34500.0,2481000
3.8,27900.0,3.79,11000.0,3.78,13600.0,3.77,22900.0,3.76,11900.0,3.82,5800.0,3.83,9900.0,3.84,33500.0,3.85,34500.0,3.86,36500.0,2487000
3.8,27900.0,3.79,11000.0,3.78,13600.0,3.77,22900.0,3.76,11900.0,3.82,5800.0,3.83,19300.0,3.84,33500.0,3.85,34500.0,3.86,36500.0,2499000
3.81,900.0,3.8,27900.0,3.79,11000.0,3.78,13600.0,3.77,22900.0,3.82,5800.0,3.83,19300.0,3.84,33500.0,3.85,34500.0,3.86,36500.0,2511000
3.81,900.0,3.8,27900.0,3.79,11000.0,3.78,13600.0,3.77,22900.0,3.82,5800.0,3.83,19300.0,3.84,33500.0,3.85,34500.0,3.86,36500.0,2517000
3.81,900.0,3.8,27900.0,3.79,11000.0,3.78,13600.0,3.77,22900.0,3.82,5500.0,3.83,19300.0,3.84,33500.0,3.85,34500.0,3.86,36500.0,2532000
3.81,900.0,3.8,27900.0,3.79,11000.0,3.78,13600.0,3.77,22900.0,3.82,5500.0,3.83,25300.0,3.84,33500.0,3.85,34500.0,3.86,36500.0,2544000
3.81,900.0,3.8,27900.0,3.79,14000.0,3.78,13600.0,3.77,22900.0,3.82,10500.0,3.83,25300.0,3.84,33500.0,3.85,34500.0,3.86,36500.0,2550000
3.81,900.0,3.8,27900.0,3.79,12200.0,3.78,13600.0,3.77,22900.0,3.82,10500.0,3.83,25300.0,3.84,33500.0,3.85,34500.0,3.86,36500.0,2559000
3.81,1800.0,3.8,27900.0,3.79,12200.0,3.78,13600.0,3.77,22900.0,3.82,10500.0,3.83,25300.0,3.84,33500.0,3.85,34500.0,3.86,36500.0,2568000
3.81,1800.0,3.8,27900.0,3.79,12200.0,3.78,13600.0,3.77,22900.0,3.82,10500.0,3.83,25300.0,3.84,33500.0,3.85,34500.0,3.86,36500.0,2571000
3.81,1800.0,3.8,27900.0,3.79,12200.0,3.78,13600.0,3.77,22900.0,3.82,9000.0,3.83,25300.0,3.84,33500.0,3.85,34500.0,3.86,36500.0,2583000
3.81,1800.0,3.8,27900.0,3.79,12100.0,3.78,13600.0,3.77,12900.0,3.82,9000.0,3.83,25300.0,3.84,33500.0,3.85,34500.0,3.86,36500.0,2586000
3.81,900.0,3.8,27900.0,3.79,12100.0,3.78,13600.0,3.77,11900.0,3.82,9000.0,3.83,25300.0,3.84,33500.0,3.85,34500.0,3.86,36500.0,2598000
3.81,900.0,3.8,13200.0,3.79,12100.0,3.78,13600.0,3.77,11900.0,3.82,9000.0,3.83,25300.0,3.84,33500.0,3.85,34500.0,3.86,36500.0,2601000
3.81,900.0,3.8,14100.0,3.79,12100.0,3.78,13600.0,3.77,11900.0,3.82,9000.0,3.83,25300.0,3.84,33500.0,3.85,34500.0,3.86,36500.0,2604000
3.81,3500.0,3.8,14600.0,3.79,12100.0,3.78,13600.0,3.77,11900.0,3.82,9000.0,3.83,25300.0,3.84,33500.0,3.85,34500.0,3.86,36500.0,2622000
3.81,3500.0,3.8,14600.0,3.79,12100.0,3.78,13600.0,3.77,11900.0,3.82,8900.0,3.83,25300.0,3.84,33500.0,3.85,34500.0,3.86,36500.0,2634000
3.81,3500.0,3.8,14600.0,3.79,12100.0,3.78,13600.0,3.77,11900.0,3.82,15400.0,3.83,25300.0,3.84,33500.0,3.85,34500.0,3.86,36500.0,2637000
3.81,13400.0,3.8,8100.0,3.79,12100.0,3.78,13600.0,3.77,11900.0,3.82,15400.0,3.83,25300.0,3.84,33500.0,3.85,34500.0,3.86,36500.0,2640000
3.81,3500.0,3.8,8100.0,3.79,12100.0,3.78,13600.0,3.77,11900.0,3.82,15400.0,3.83,25300.0,3.84,33500.0,3.85,34500.0,3.86,36500.0,2658000
3.81,3500.0,3.8,8100.0,3.79,12100.0,3.78,13600.0,3.77,11500.0,3.82,15400.0,3.83,25300.0,3.84,33500.0,3.85,34500.0,3.86,36500.0,2670000
3.81,3500.0,3.8,8100.0,3.79,12100.0,3.78,13600.0,3.77,11500.0,3.82,15900.0,3.83,25300.0,3.84,33500.0,3.85,34500.0,3.86,36500.0,2676000
3.81,3500.0,3.8,8100.0,3.79,12200.0,3.78,13600.0,3.77,11500.0,3.82,15900.0,3.83,25300.0,3.84,33500.0,3.85,34500.0,3.86,36500.0,2679000
3.81,3800.0,3.8,8100.0,3.79,12200.0,3.78,13600.0,3.77,11500.0,3.82,15900.0,3.83,25300.0,3.84,33500.0,3.85,34500.0,3.86,36500.0,2700000
3.8,8800.0,3.79,12200.0,3.78,13600.0,3.77,11500.0,3.76,10900.0,3.81,2800.0,3.82,15900.0,3.83,25300.0,3.84,33500.0,3.85,34500.0,2715000
3.8,7900.0,3.79,11600.0,3.78,13600.0,3.77,11500.0,3.76,10900.0,3.81,2800.0,3.82,15900.0,3.83,25300.0,3.84,33500.0,3.85,34500.0,2736000
3.8,7900.0,3.79,12500.0,3.78,13600.0,3.77,11500.0,3.76,10900.0,3.81,2800.0,3.82,15900.0,3.83,25300.0,3.84,33500.0,3.85,34500.0,2742000
3.8,7900.0,3.79,12500.0,3.78,14200.0,3.77,11500.0,3.76,10900.0,3.81,2800.0,3.82,15900.0,3.83,25300.0,3.84,33500.0,3.85,34500.0,2751000
3.8,7900.0,3.79,12500.0,3.78,14200.0,3.77,11500.0,3.76,10900.0,3.81,2800.0,3.82,16800.0,3.83,25300.0,3.84,33500.0,3.85,34500.0,2757000
3.8,7900.0,3.79,12500.0,3.78,14200.0,3.77,11500.0,3.76,10900.0,3.81,2000.0,3.82,16800.0,3.83,25300.0,3.84,33500.0,3.85,34500.0,2766000
3.8,7200.0,3.79,12500.0,3.78,14200.0,3.77,11500.0,3.76,10900.0,3.81,2000.0,3.82,16800.0,3.83,25300.0,3.84,33500.0,3.85,34500.0,2769000
3.8,8200.0,3.79,12500.0,3.78,14200.0,3.77,11500.0,3.76,10900.0,3.81,2000.0,3.82,16800.0,3.83,25300.0,3.84,33500.0,3.85,34500.0,2775000
3.8,13200.0,3.79,12500.0,3.78,14200.0,3.77,11500.0,3.76,10900.0,3.81,2000.0,3.82,16800.0,3.83,25300.0,3.84,33500.0,3.85,34500.0,2799000
3.8,13200.0,3.79,12500.0,3.78,14200.0,3.77,11500.0,3.76,10900.0,3.81,2000.0,3.82,16800.0,3.83,25300.0,3.84,33500.0,3.85,34500.0,2802000
3.8,13200.0,3.79,12500.0,3.78,14200.0,3.77,11700.0,3.76,10900.0,3.81,2000.0,3.82,16800.0,3.83,25300.0,3.84,33500.0,3.85,34500.0,2805000
3.8,11400.0,3.79,12500.0,3.78,14200.0,3.77,11700.0,3.76,10900.0,3.81,2000.0,3.82,16800.0,3.83,25300.0,3.84,33500.0,3.85,34500.0,2814000
3.8,11400.0,3.79,12500.0,3.78,14200.0,3.77,11700.0,3.76,10900.0,3.81,2000.0,3.82,15900.0,3.83,25300.0,3.84,33500.0,3.85,34500.0,2817000
3.8,11400.0,3.79,12500.0,3.78,14200.0,3.77,11700.0,3.76,10900.0,3.81,1200.0,3.82,15900.0,3.83,25300.0,3.84,33500.0,3.85,34500.0,2826000
3.8,11400.0,3.79,12500.0,3.78,14200.0,3.77,11700.0,3.76,10900.0,3.81,1200.0,3.82,9400.0,3.83,25300.0,3.84,33500.0,3.85,34500.0,2847000
3.8,11400.0,3.79,12500.0,3.78,14200.0,3.77,11700.0,3.76,10900.0,3.81,1200.0,3.82,9400.0,3.83,21700.0,3.84,33500.0,3.85,34500.0,2850000
3.8,11400.0,3.79,12500.0,3.78,14200.0,3.77,11700.0,3.76,10900.0,3.81,1200.0,3.82,12700.0,3.83,21700.0,3.84,33500.0,3.85,34500.0,2853000
3.8,11400.0,3.79,12500.0,3.78,14200.0,3.77,11700.0,3.76,10900.0,3.81,8200.0,3.82,12700.0,3.83,21700.0,3.84,33500.0,3.85,34500.0,2859000
3.8,11400.0,3.79,12500.0,3.78,14200.0,3.77,11700.0,3.76,10900.0,3.81,8200.0,3.82,16200.0,3.83,21700.0,3.84,33500.0,3.85,34500.0,2865000
3.8,11700.0,3.79,12500.0,3.78,14200.0,3.77,11700.0,3.76,10900.0,3.81,9800.0,3.82,16200.0,3.83,21700.0,3.84,33500.0,3.85,34500.0,2880000
3.8,11700.0,3.79,12500.0,3.78,14200.0,3.77,11700.0,3.76,10900.0,3.81,8200.0,3.82,16200.0,3.83,21700.0,3.84,33500.0,3.85,34500.0,2889000
3.8,16600.0,3.79,12500.0,3.78,14200.0,3.77,11700.0,3.76,10900.0,3.81,8200.0,3.82,16200.0,3.83,21700.0,3.84,33500.0,3.85,34500.0,2895000
3.8,16600.0,3.79,12500.0,3.78,14200.0,3.77,11700.0,3.76,10900.0,3.81,6800.0,3.82,16200.0,3.83,21700.0,3.84,33500.0,3.85,34500.0,2946000
3.8,16600.0,3.79,12500.0,3.78,14200.0,3.77,11700.0,3.76,10900.0,3.81,36800.0,3.82,16200.0,3.83,21700.0,3.84,33500.0,3.85,34500.0,2955000
3.8,17100.0,3.79,12500.0,3.78,14200.0,3.77,11700.0,3.76,10900.0,3.81,36800.0,3.82,16200.0,3.83,21700.0,3.84,33500.0,3.85,34500.0,2982000
3.8,17100.0,3.79,12500.0,3.78,13600.0,3.77,11700.0,3.76,10900.0,3.81,36800.0,3.82,16200.0,3.83,21700.0,3.84,33500.0,3.85,34500.0,2988000
3.8,15900.0,3.79,12500.0,3.78,13600.0,3.77,11700.0,3.76,10900.0,3.81,37400.0,3.82,16200.0,3.83,21700.0,3.84,33500.0,3.85,34500.0,3006000
3.8,15900.0,3.79,15500.0,3.78,13600.0,3.77,11700.0,3.76,10900.0,3.81,37400.0,3.82,16200.0,3.83,21700.0,3.84,33500.0,3.85,34500.0,3012000
3.8,15900.0,3.79,15500.0,3.78,13600.0,3.77,11700.0,3.76,10900.0,3.81,37200.0,3.82,16200.0,3.83,21700.0,3.84,33500.0,3.85,34500.0,3018000
3.8,3500.0,3.79,15400.0,3.78,13600.0,3.77,11700.0,3.76,10900.0,3.81,37200.0,3.82,16200.0,3.83,21700.0,3.84,33500.0,3.85,34500.0,3024000
3.8,3200.0,3.79,15400.0,3.78,13600.0,3.77,11700.0,3.76,10900.0,3.81,36600.0,3.82,16200.0,3.83,21700.0,3.84,33500.0,3.85,34500.0,3102000
3.8,2200.0,3.79,15400.0,3.78,13600.0,3.77,11700.0,3.76,10900.0,3.81,36600.0,3.82,16200.0,3.83,21700.0,3.84,33500.0,3.85,34500.0,3111000
3.8,1400.0,3.79,15400.0,3.78,13600.0,3.77,11700.0,3.76,10900.0,3.81,36600.0,3.82,16200.0,3.83,21700.0,3.84,33500.0,3.85,34500.0,3114000
3.8,3500.0,3.79,15400.0,3.78,13600.0,3.77,11700.0,3.76,10900.0,3.81,36600.0,3.82,16200.0,3.83,21700.0,3.84,33500.0,3.85,34500.0,3117000
3.8,2700.0,3.79,15400.0,3.78,14200.0,3.77,11700.0,3.76,10900.0,3.81,37400.0,3.82,16200.0,3.83,21700.0,3.84,33500.0,3.85,34500.0,3132000
3.8,600.0,3.79,15400.0,3.78,14200.0,3.77,11700.0,3.76,10900.0,3.81,37400.0,3.82,16200.0,3.83,21700.0,3.84,33500.0,3.85,34500.0,3135000
3.8,600.0,3.79,15400.0,3.78,14200.0,3.77,11700.0,3.76,15900.0,3.81,37400.0,3.82,16200.0,3.83,21700.0,3.84,33500.0,3.85,34500.0,3138000
3.8,500.0,3.79,15400.0,3.78,14200.0,3.77,11700.0,3.76,15900.0,3.81,37400.0,3.82,16200.0,3.83,21700.0,3.84,33500.0,3.85,34500.0,3144000
3.8,500.0,3.79,15400.0,3.78,14200.0,3.77,11700.0,3.76,10900.0,3.81,35300.0,3.82,16200.0,3.83,21700.0,3.84,33500.0,3.85,34500.0,3147000
3.8,500.0,3.79,15400.0,3.78,15900.0,3.77,11700.0,3.76,10900.0,3.81,35300.0,3.82,16200.0,3.83,21700.0,3.84,33500.0,3.85,34500.0,3177000
3.8,500.0,3.79,15400.0,3.78,15900.0,3.77,11700.0,3.76,10900.0,3.81,34500.0,3.82,16200.0,3.83,21700.0,3.84,33500.0,3.85,34500.0,3186000
3.8,500.0,3.79,15400.0,3.78,15900.0,3.77,11700.0,3.76,10900.0,3.81,34500.0,3.82,16200.0,3.83,21700.0,3.84,33500.0,3.85,34500.0,3198000
3.8,500.0,3.79,15400.0,3.78,15900.0,3.77,11700.0,3.76,10900.0,3.81,32100.0,3.82,16200.0,3.83,21700.0,3.84,33500.0,3.85,34500.0,3201000
3.8,500.0,3.79,15400.0,3.78,15900.0,3.77,11700.0,3.76,10900.0,3.81,32100.0,3.82,16200.0,3.83,21700.0,3.84,33500.0,3.85,34500.0,3207000
3.8,500.0,3.79,15400.0,3.78,15900.0,3.77,11700.0,3.76,10900.0,3.81,32100.0,3.82,16200.0,3.83,21700.0,3.84,33500.0,3.85,34500.0,3246000
3.8,3500.0,3.79,15400.0,3.78,15900.0,3.77,11700.0,3.76,10900.0,3.81,32100.0,3.82,16200.0,3.83,21700.0,3.84,33500.0,3.85,34500.0,3249000
3.8,3500.0,3.79,15400.0,3.78,15900.0,3.77,11700.0,3.76,10900.0,3.81,32100.0,3.82,16200.0,3.83,21700.0,3.84,33500.0,3.85,34500.0,3255000
3.8,3500.0,3.79,15800.0,3.78,15900.0,3.77,11700.0,3.76,10900.0,3.81,32100.0,3.82,16200.0,3.83,21700.0,3.84,33500.0,3.85,34500.0,3267000
3.8,3500.0,3.79,15800.0,3.78,15900.0,3.77,11700.0,3.76,10900.0,3.81,31100.0,3.82,16200.0,3.83,21700.0,3.84,33500.0,3.85,34500.0,3297000
3.8,3500.0,3.79,15800.0,3.78,15900.0,3.77,11700.0,3.76,10900.0,3.81,28100.0,3.82,16200.0,3.83,21700.0,3.84,33500.0,3.85,34500.0,3345000
3.8,3500.0,3.79,15800.0,3.78,15900.0,3.77,11700.0,3.76,10900.0,3.81,29300.0,3.82,16200.0,3.83,21700.0,3.84,33500.0,3.85,34500.0,3366000
3.8,3500.0,3.79,14800.0,3.78,15900.0,3.77,11700.0,3.76,10900.0,3.81,29300.0,3.82,16200.0,3.83,21700.0,3.84,33500.0,3.85,34500.0,3369000
3.8,4500.0,3.79,14800.0,3.78,15900.0,3.77,11700.0,3.76,10900.0,3.81,29300.0,3.82,16200.0,3.83,21700.0,3.84,33500.0,3.85,34500.0,3381000
3.8,4500.0,3.79,14800.0,3.78,15900.0,3.77,11700.0,3.76,10900.0,3.81,30800.0,3.82,16200.0,3.83,21700.0,3.84,33500.0,3.85,34500.0,3399000
3.8,4500.0,3.79,14800.0,3.78,15900.0,3.77,11700.0,3.76,10900.0,3.81,30200.0,3.82,16200.0,3.83,21700.0,3.84,33500.0,3.85,34500.0,3426000
3.8,4500.0,3.79,14800.0,3.78,15900.0,3.77,11700.0,3.76,10900.0,3.81,30200.0,3.82,16200.0,3.83,21700.0,3.84,36800.0,3.85,34500.0,3441000
3.8,4600.0,3.79,9900.0,3.78,15900.0,3.77,11700.0,3.76,10900.0,3.81,28400.0,3.82,16200.0,3.83,21700.0,3.84,36800.0,3.85,34500.0,3465000
3.8,5600.0,3.79,9900.0,3.78,15900.0,3.77,11700.0,3.76,10900.0,3.81,28400.0,3.82,16200.0,3.83,21700.0,3.84,36800.0,3.85,34500.0,3483000
3.8,5600.0,3.79,9900.0,3.78,15900.0,3.77,8700.0,3.76,10900.0,3.81,29000.0,3.82,16200.0,3.83,21700.0,3.84,36800.0,3.85,34500.0,3486000
3.8,5600.0,3.79,14800.0,3.78,15900.0,3.77,8700.0,3.76,10900.0,3.81,29000.0,3.82,16200.0,3.83,21700.0,3.84,36800.0,3.85,34500.0,3504000
3.8,5600.0,3.79,14800.0,3.78,15900.0,3.77,8700.0,3.76,10900.0,3.81,28600.0,3.82,16200.0,3.83,21700.0,3.84,36800.0,3.85,34500.0,3507000
3.8,5600.0,3.79,14800.0,3.78,15900.0,3.77,8700.0,3.76,10900.0,3.81,28500.0,3.82,16200.0,3.83,21700.0,3.84,36800.0,3.85,34500.0,3519000
3.8,5600.0,3.79,14800.0,3.78,15900.0,3.77,8900.0,3.76,10900.0,3.81,28500.0,3.82,16200.0,3.83,21700.0,3.84,36800.0,3.85,34500.0,3525000
3.8,5600.0,3.79,14800.0,3.78,15900.0,3.77,8900.0,3.76,10900.0,3.81,28100.0,3.82,16200.0,3.83,21700.0,3.84,36800.0,3.85,34500.0,3528000
3.8,5600.0,3.79,14800.0,3.78,15900.0,3.77,8900.0,3.76,10900.0,3.81,28100.0,3.82,16200.0,3.83,21700.0,3.84,36800.0,3.85,34500.0,3549000
3.8,5600.0,3.79,14800.0,3.78,15900.0,3.77,8900.0,3.76,10900.0,3.81,27900.0,3.82,16200.0,3.83,21700.0,3.84,36800.0,3.85,34500.0,3555000
3.8,5600.0,3.79,14800.0,3.78,15900.0,3.77,8900.0,3.76,10900.0,3.81,27900.0,3.82,16200.0,3.83,21700.0,3.84,36800.0,3.85,34500.0,3561000
3.8,5600.0,3.79,9900.0,3.78,15900.0,3.77,8900.0,3.76,10900.0,3.81,27900.0,3.82,16200.0,3.83,21700.0,3.84,36800.0,3.85,34500.0,3570000
3.8,5600.0,3.79,9900.0,3.78,15900.0,3.77,8900.0,3.76,10900.0,3.81,27900.0,3.82,16200.0,3.83,21700.0,3.84,36800.0,3.85,34500.0,3582000
3.8,5600.0,3.79,9900.0,3.78,15900.0,3.77,11900.0,3.76,10900.0,3.81,27900.0,3.82,16200.0,3.83,21700.0,3.84,36800.0,3.85,34500.0,3609000
3.8,7100.0,3.79,9900.0,3.78,15900.0,3.77,11900.0,3.76,10900.0,3.81,27900.0,3.82,16200.0,3.83,21700.0,3.84,36800.0,3.85,34500.0,3645000
3.8,7100.0,3.79,9900.0,3.78,15900.0,3.77,11900.0,3.76,10900.0,3.81,33600.0,3.82,16200.0,3.83,21700.0,3.84,36800.0,3.85,34500.0,3654000
3.8,7100.0,3.79,9900.0,3.78,15900.0,3.77,11900.0,3.76,10900.0,3.81,33600.0,3.82,16200.0,3.83,21700.0,3.84,36800.0,3.85,34500.0,3657000
3.81,300.0,3.8,9000.0,3.79,9900.0,3.78,15900.0,3.77,11900.0,3.82,16200.0,3.83,21700.0,3.84,36800.0,3.85,34500.0,3.86,36500.0,3693000
3.8,7700.0,3.79,9900.0,3.78,15900.0,3.77,11900.0,3.76,10900.0,3.81,900.0,3.82,16200.0,3.83,21700.0,3.84,36800.0,3.85,34500.0,3744000
3.8,7700.0,3.79,9900.0,3.78,15900.0,3.77,11900.0,3.76,10900.0,3.81,2900.0,3.82,16200.0,3.83,21700.0,3.84,36800.0,3.85,34500.0,3753000
3.8,7600.0,3.79,9900.0,3.78,15900.0,3.77,11900.0,3.76,10900.0,3.81,2900.0,3.82,16200.0,3.83,21700.0,3.84,36800.0,3.85,34500.0,3762000
3.8,7800.0,3.79,9900.0,3.78,15900.0,3.77,11900.0,3.76,10900.0,3.81,2900.0,3.82,16200.0,3.83,21700.0,3.84,36800.0,3.85,34500.0,3780000
3.8,7800.0,3.79,9900.0,3.78,17300.0,3.77,11900.0,3.76,10900.0,3.81,2900.0,3.82,16200.0,3.83,21700.0,3.84,36800.0,3.85,34500.0,3789000
3.8,7800.0,3.79,9900.0,3.78,17300.0,3.77,11900.0,3.76,10900.0,3.81,2700.0,3.82,16200.0,3.83,21700.0,3.84,36800.0,3.85,34500.0,3792000
3.8,6800.0,3.79,9900.0,3.78,17300.0,3.77,11900.0,3.76,10900.0,3.81,2700.0,3.82,16200.0,3.83,21700.0,3.84,36800.0,3.85,34500.0,3795000
3.8,6800.0,3.79,9900.0,3.78,17300.0,3.77,11900.0,3.76,10900.0,3.81,1700.0,3.82,16200.0,3.83,21700.0,3.84,36800.0,3.85,34500.0,3798000
3.8,6800.0,3.79,9900.0,3.78,15900.0,3.77,11900.0,3.76,10900.0,3.81,1700.0,3.82,16200.0,3.83,21700.0,3.84,36800.0,3.85,34500.0,3801000
3.8,7400.0,3.79,9900.0,3.78,15900.0,3.77,11900.0,3.76,10900.0,3.81,1700.0,3.82,16200.0,3.83,21700.0,3.84,36800.0,3.85,34500.0,3804000
3.8,7400.0,3.79,9900.0,3.78,15900.0,3.77,11900.0,3.76,10900.0,3.81,1700.0,3.82,16200.0,3.83,21700.0,3.84,36800.0,3.85,34500.0,3807000
3.8,7400.0,3.79,9900.0,3.78,16900.0,3.77,11900.0,3.76,10900.0,3.81,1700.0,3.82,16200.0,3.83,21700.0,3.84,36800.0,3.85,34500.0,3816000
3.8,6900.0,3.79,9900.0,3.78,16900.0,3.77,11900.0,3.76,10900.0,3.81,1700.0,3.82,16200.0,3.83,21700.0,3.84,36800.0,3.85,34500.0,3819000
3.8,7000.0,3.79,9900.0,3.78,16900.0,3.77,11900.0,3.76,10900.0,3.81,1700.0,3.82,16200.0,3.83,21700.0,3.84,36800.0,3.85,34500.0,3828000
3.8,7500.0,3.79,9900.0,3.78,16900.0,3.77,11900.0,3.76,10900.0,3.81,1700.0,3.82,16200.0,3.83,21700.0,3.84,36800.0,3.85,34500.0,3834000
3.81,200.0,3.8,7300.0,3.79,9900.0,3.78,16900.0,3.77,11900.0,3.82,16200.0,3.83,21700.0,3.84,36800.0,3.85,34500.0,3.86,36500.0,3846000
3.8,6500.0,3.79,9900.0,3.78,16900.0,3.77,11900.0,3.76,10900.0,3.82,16200.0,3.83,21700.0,3.84,36800.0,3.85,34500.0,3.86,36500.0,3864000
3.81,500.0,3.8,6200.0,3.79,9900.0,3.78,16900.0,3.77,11900.0,3.82,16200.0,3.83,21700.0,3.84,36800.0,3.85,34500.0,3.86,36500.0,3867000
3.8,6200.0,3.79,9900.0,3.78,16900.0,3.77,11900.0,3.76,10900.0,3.81,5700.0,3.82,16200.0,3.83,21700.0,3.84,36800.0,3.85,34500.0,3873000
3.8,6200.0,3.79,9900.0,3.78,16900.0,3.77,11900.0,3.76,10900.0,3.81,27400.0,3.82,16200.0,3.83,21700.0,3.84,36800.0,3.85,34500.0,3894000
3.8,6200.0,3.79,11300.0,3.78,16900.0,3.77,12900.0,3.76,10900.0,3.81,27400.0,3.82,16200.0,3.83,21700.0,3.84,36800.0,3.85,34500.0,3897000
3.8,6200.0,3.79,9000.0,3.78,16900.0,3.77,12900.0,3.76,10900.0,3.81,27400.0,3.82,16200.0,3.83,21700.0,3.84,36800.0,3.85,34500.0,3906000
3.8,6200.0,3.79,9000.0,3.78,16900.0,3.77,12900.0,3.76,10900.0,3.81,27400.0,3.82,16200.0,3.83,21700.0,3.84,36800.0,3.85,34500.0,3918000
3.8,6200.0,3.79,9000.0,3.78,15200.0,3.77,12900.0,3.76,10900.0,3.81,27400.0,3.82,16200.0,3.83,21700.0,3.84,36800.0,3.85,34500.0,3924000
3.8,6200.0,3.79,9000.0,3.78,15200.0,3.77,12900.0,3.76,10900.0,3.81,27400.0,3.82,19200.0,3.83,21700.0,3.84,36800.0,3.85,34500.0,3939000
3.8,6200.0,3.79,9000.0,3.78,15200.0,3.77,12900.0,3.76,10900.0,3.81,27400.0,3.82,19200.0,3.83,21700.0,3.84,36800.0,3.85,34500.0,3948000
3.8,4900.0,3.79,9000.0,3.78,15200.0,3.77,12900.0,3.76,10900.0,3.81,27400.0,3.82,19200.0,3.83,21700.0,3.84,36800.0,3.85,34500.0,3966000
3.8,4900.0,3.79,12000.0,3.78,15200.0,3.77,12900.0,3.76,10900.0,3.81,32400.0,3.82,19200.0,3.83,21700.0,3.84,36800.0,3.85,34500.0,3981000
3.8,4900.0,3.79,12000.0,3.78,15200.0,3.77,13300.0,3.76,10900.0,3.81,32400.0,3.82,19200.0,3.83,21700.0,3.84,36800.0,3.85,34500.0,3990000
3.8,4900.0,3.79,12000.0,3.78,15200.0,3.77,13300.0,3.76,10900.0,3.81,32400.0,3.82,21200.0,3.83,21700.0,3.84,36800.0,3.85,34500.0,3999000
3.8,4900.0,3.79,15000.0,3.78,15200.0,3.77,13300.0,3.76,10900.0,3.81,32400.0,3.82,21200.0,3.83,21700.0,3.84,36800.0,3.85,34500.0,4002000
3.8,4900.0,3.79,15000.0,3.78,15200.0,3.77,13300.0,3.76,10900.0,3.81,32300.0,3.82,21200.0,3.83,21700.0,3.84,36800.0,3.85,34500.0,4026000
3.79,15000.0,3.78,15200.0,3.77,13300.0,3.76,10900.0,3.75,15500.0,3.8,600.0,3.81,32300.0,3.82,21200.0,3.83,21700.0,3.84,36800.0,4029000
3.79,15000.0,3.78,15200.0,3.77,15500.0,3.76,10900.0,3.75,15500.0,3.8,600.0,3.81,32300.0,3.82,21200.0,3.83,21700.0,3.84,36800.0,4044000
3.79,15000.0,3.78,14600.0,3.77,15500.0,3.76,10900.0,3.75,15500.0,3.8,600.0,3.81,32300.0,3.82,21200.0,3.83,21700.0,3.84,36800.0,4047000
3.79,15000.0,3.78,14600.0,3.77,15500.0,3.76,10900.0,3.75,15500.0,3.8,600.0,3.81,26700.0,3.82,21200.0,3.83,21700.0,3.84,36800.0,4050000
3.79,12000.0,3.78,14600.0,3.77,16100.0,3.76,10900.0,3.75,15500.0,3.8,600.0,3.81,26700.0,3.82,21200.0,3.83,21700.0,3.84,36800.0,4056000
3.79,13700.0,3.78,14600.0,3.77,16100.0,3.76,10900.0,3.75,15500.0,3.8,600.0,3.81,26700.0,3.82,21200.0,3.83,21700.0,3.84,36800.0,4068000
3.79,13700.0,3.78,14600.0,3.77,16100.0,3.76,10900.0,3.75,15500.0,3.8,500.0,3.81,26700.0,3.82,21200.0,3.83,21700.0,3.84,36800.0,4071000
3.79,13700.0,3.78,14600.0,3.77,16100.0,3.76,10900.0,3.75,15500.0,3.8,500.0,3.81,26700.0,3.82,21200.0,3.83,15700.0,3.84,36800.0,4083000
3.79,13700.0,3.78,14600.0,3.77,16100.0,3.76,10900.0,3.75,15500.0,3.81,26700.0,3.82,21200.0,3.83,15700.0,3.84,36800.0,3.85,34500.0,4086000
3.79,14200.0,3.78,14600.0,3.77,16100.0,3.76,10900.0,3.75,15500.0,3.81,26700.0,3.82,21200.0,3.83,15700.0,3.84,36800.0,3.85,34500.0,4089000
3.79,13200.0,3.78,14600.0,3.77,16100.0,3.76,10900.0,3.75,15500.0,3.81,26700.0,3.82,21200.0,3.83,15700.0,3.84,36800.0,3.85,34500.0,4098000
3.79,13200.0,3.78,14600.0,3.77,16100.0,3.76,10900.0,3.75,15500.0,3.81,26700.0,3.82,32700.0,3.83,15700.0,3.84,36800.0,3.85,34500.0,4107000
3.79,13200.0,3.78,14600.0,3.77,15700.0,3.76,10900.0,3.75,15500.0,3.81,26700.0,3.82,32700.0,3.83,15700.0,3.84,36800.0,3.85,34500.0,4125000
3.79,3200.0,3.78,14600.0,3.77,15700.0,3.76,10900.0,3.75,15500.0,3.81,26700.0,3.82,32700.0,3.83,15700.0,3.84,36800.0,3.85,34500.0,4137000
3.79,3200.0,3.78,14600.0,3.77,15700.0,3.76,10900.0,3.75,15900.0,3.81,26700.0,3.82,32700.0,3.83,15700.0,3.84,36800.0,3.85,34500.0,4140000
3.79,2000.0,3.78,14600.0,3.77,14500.0,3.76,10900.0,3.75,15900.0,3.81,26700.0,3.82,32700.0,3.83,15700.0,3.84,36800.0,3.85,34500.0,4146000
3.78,14700.0,3.77,14500.0,3.76,10900.0,3.75,15900.0,3.74,17300.0,3.79,5800.0,3.81,26700.0,3.82,32700.0,3.83,15700.0,3.84,36800.0,4149000
3.78,14700.0,3.77,14500.0,3.76,10900.0,3.75,14900.0,3.74,17300.0,3.79,5800.0,3.81,26700.0,3.82,32700.0,3.83,15700.0,3.84,36800.0,4158000
3.78,14700.0,3.77,14500.0,3.76,10900.0,3.75,4500.0,3.74,7000.0,3.79,5800.0,3.81,26700.0,3.82,32700.0,3.83,15700.0,3.84,36800.0,4173000
3.78,24700.0,3.77,14500.0,3.76,10900.0,3.75,4500.0,3.74,7000.0,3.79,5800.0,3.81,26700.0,3.82,32700.0,3.83,15700.0,3.84,36800.0,4188000
3.78,24900.0,3.77,14500.0,3.76,10900.0,3.75,4500.0,3.74,7000.0,3.79,5800.0,3.81,26700.0,3.82,32700.0,3.83,15700.0,3.84,36800.0,4200000
3.78,24700.0,3.77,14500.0,3.76,10900.0,3.75,4500.0,3.74,7000.0,3.79,4800.0,3.81,26700.0,3.82,32700.0,3.83,15700.0,3.84,36800.0,4215000
3.78,24700.0,3.77,14500.0,3.76,10900.0,3.75,4500.0,3.74,7000.0,3.79,4600.0,3.81,26700.0,3.82,32700.0,3.83,15700.0,3.84,36800.0,4254000
3.78,24700.0,3.77,14500.0,3.76,10900.0,3.75,4500.0,3.74,7000.0,3.79,3600.0,3.81,26700.0,3.82,32700.0,3.83,15700.0,3.84,36800.0,4269000
3.78,24700.0,3.77,15700.0,3.76,10900.0,3.75,4500.0,3.74,7000.0,3.79,3600.0,3.81,26700.0,3.82,32700.0,3.83,15700.0,3.84,36800.0,4278000
3.78,24700.0,3.77,15700.0,3.76,10900.0,3.75,4500.0,3.74,7000.0,3.79,3600.0,3.81,26700.0,3.82,30700.0,3.83,15700.0,3.84,36800.0,4284000
3.78,25600.0,3.77,15700.0,3.76,10900.0,3.75,4500.0,3.74,7000.0,3.79,3600.0,3.81,26700.0,3.82,30700.0,3.83,15700.0,3.84,36800.0,4296000
3.78,25600.0,3.77,15700.0,3.76,15800.0,3.75,4500.0,3.74,7000.0,3.79,3600.0,3.81,26700.0,3.82,30700.0,3.83,15700.0,3.84,36800.0,4317000
3.78,25600.0,3.77,15700.0,3.76,15800.0,3.75,4500.0,3.74,7000.0,3.79,2401.0,3.81,26700.0,3.82,30700.0,3.83,15700.0,3.84,36800.0,4326000
3.78,25600.0,3.77,15700.0,3.76,15800.0,3.75,4500.0,3.74,7000.0,3.79,1101.0,3.81,26700.0,3.82,30700.0,3.83,15700.0,3.84,36800.0,4335000
3.78,25700.0,3.77,15700.0,3.76,15800.0,3.75,4500.0,3.74,7000.0,3.79,1101.0,3.81,26700.0,3.82,30700.0,3.83,15700.0,3.84,36800.0,4347000
3.78,25700.0,3.77,16700.0,3.76,15800.0,3.75,4500.0,3.74,7000.0,3.79,11101.0,3.81,26700.0,3.82,30700.0,3.83,15700.0,3.84,36800.0,4377000
3.78,25700.0,3.77,16700.0,3.76,15800.0,3.75,4500.0,3.74,7000.0,3.79,10901.0,3.81,26700.0,3.82,30700.0,3.83,15700.0,3.84,36800.0,4380000
3.78,25700.0,3.77,16700.0,3.76,15800.0,3.75,4500.0,3.74,7000.0,3.79,12301.0,3.81,26700.0,3.82,33700.0,3.83,15700.0,3.84,36800.0,4404000
3.78,42600.0,3.77,16700.0,3.76,15800.0,3.75,4500.0,3.74,7700.0,3.79,12301.0,3.81,26700.0,3.82,33700.0,3.83,15700.0,3.84,36800.0,4410000
3.78,43600.0,3.77,16700.0,3.76,15800.0,3.75,4500.0,3.74,7700.0,3.79,12301.0,3.81,26700.0,3.82,33700.0,3.83,15700.0,3.84,36800.0,4434000
3.8,100.0,3.79,699.0,3.78,43500.0,3.77,16700.0,3.76,15800.0,3.81,26700.0,3.82,33700.0,3.83,15700.0,3.84,36800.0,3.85,34500.0,4437000
3.8,100.0,3.79,600.0,3.78,43500.0,3.77,16700.0,3.76,15800.0,3.81,26700.0,3.82,33700.0,3.83,15700.0,3.84,36800.0,3.85,34500.0,4443000
3.79,600.0,3.78,43500.0,3.77,17300.0,3.76,16500.0,3.75,4500.0,3.8,1100.0,3.81,26700.0,3.82,33700.0,3.83,15700.0,3.84,36800.0,4446000
3.79,600.0,3.78,42500.0,3.77,17300.0,3.76,16500.0,3.75,4500.0,3.8,1100.0,3.81,26700.0,3.82,33700.0,3.83,15700.0,3.84,36800.0,4452000
3.79,1600.0,3.78,42500.0,3.77,17300.0,3.76,16500.0,3.75,4500.0,3.8,1100.0,3.81,26700.0,3.82,33700.0,3.83,15700.0,3.84,36800.0,4461000
3.79,1600.0,3.78,42500.0,3.77,17300.0,3.76,16500.0,3.75,4500.0,3.8,11100.0,3.81,26700.0,3.82,33700.0,3.83,15700.0,3.84,36800.0,4470000
3.79,1600.0,3.78,42500.0,3.77,17300.0,3.76,16500.0,3.75,4500.0,3.8,11100.0,3.81,26700.0,3.82,35700.0,3.83,15700.0,3.84,36800.0,4491000
3.79,1600.0,3.78,42400.0,3.77,17300.0,3.76,16500.0,3.75,4500.0,3.8,11100.0,3.81,26700.0,3.82,35700.0,3.83,15700.0,3.84,36800.0,4494000
3.79,3600.0,3.78,42400.0,3.77,17300.0,3.76,16500.0,3.75,4500.0,3.8,11100.0,3.81,26700.0,3.82,35700.0,3.83,15700.0,3.84,36800.0,4500000
3.79,3600.0,3.78,42400.0,3.77,17300.0,3.76,16500.0,3.75,4500.0,3.8,10000.0,3.81,26700.0,3.82,35700.0,3.83,15700.0,3.84,36800.0,4506000
3.79,3700.0,3.78,42400.0,3.77,17300.0,3.76,16500.0,3.75,4500.0,3.8,10000.0,3.81,26700.0,3.82,35700.0,3.83,15700.0,3.84,36800.0,4509000
3.79,3700.0,3.78,42400.0,3.77,17300.0,3.76,16500.0,3.75,4500.0,3.8,9000.0,3.81,26700.0,3.82,35700.0,3.83,15700.0,3.84,36800.0,4524000
3.79,3700.0,3.78,41500.0,3.77,17300.0,3.76,16500.0,3.75,4500.0,3.8,9000.0,3.81,26700.0,3.82,35700.0,3.83,15700.0,3.84,36800.0,4527000
3.79,4600.0,3.78,41500.0,3.77,17300.0,3.76,16500.0,3.75,4500.0,3.8,9000.0,3.81,26700.0,3.82,35700.0,3.83,15700.0,3.84,36800.0,4533000
3.79,7500.0,3.78,41500.0,3.77,17300.0,3.76,16500.0,3.75,4500.0,3.8,9000.0,3.81,26700.0,3.82,35700.0,3.83,15700.0,3.84,36800.0,4536000
3.79,7500.0,3.78,41500.0,3.77,17300.0,3.76,16500.0,3.75,4500.0,3.8,3300.0,3.81,26700.0,3.82,35700.0,3.83,15700.0,3.84,36800.0,4545000
3.79,5600.0,3.78,41500.0,3.77,17300.0,3.76,16500.0,3.75,4500.0,3.8,3300.0,3.81,26700.0,3.82,35700.0,3.83,15700.0,3.84,36800.0,4548000
3.79,10800.0,3.78,41500.0,3.77,17300.0,3.76,16500.0,3.75,4500.0,3.8,3900.0,3.81,26700.0,3.82,35700.0,3.83,15700.0,3.84,36800.0,4566000
3.79,10800.0,3.78,41500.0,3.77,17300.0,3.76,16500.0,3.75,4500.0,3.8,5900.0,3.81,26700.0,3.82,35700.0,3.83,15700.0,3.84,36800.0,4590000
3.79,10800.0,3.78,41500.0,3.77,17300.0,3.76,16500.0,3.75,4500.0,3.8,5900.0,3.81,28700.0,3.82,35700.0,3.83,15700.0,3.84,36800.0,4599000
3.79,10800.0,3.78,41500.0,3.77,17300.0,3.76,16500.0,3.75,4500.0,3.8,5900.0,3.81,28700.0,3.82,35700.0,3.83,15700.0,3.84,36800.0,4602000
3.79,10800.0,3.78,41500.0,3.77,17300.0,3.76,16500.0,3.75,4500.0,3.8,100.0,3.81,28700.0,3.82,35700.0,3.83,15700.0,3.84,36800.0,4608000
3.79,10800.0,3.78,41500.0,3.77,17300.0,3.76,16500.0,3.75,4500.0,3.8,500.0,3.81,28700.0,3.82,35700.0,3.83,15700.0,3.84,36800.0,4626000
3.79,10800.0,3.78,41500.0,3.77,27300.0,3.76,16500.0,3.75,4500.0,3.8,500.0,3.81,28700.0,3.82,35700.0,3.83,15700.0,3.84,36800.0,4638000
3.79,10800.0,3.78,41500.0,3.77,27300.0,3.76,16500.0,3.75,4500.0,3.8,200.0,3.81,28700.0,3.82,35700.0,3.83,15700.0,3.84,36800.0,4647000
3.79,10800.0,3.78,41500.0,3.77,27300.0,3.76,16500.0,3.75,4500.0,3.8,10200.0,3.81,28700.0,3.82,35700.0,3.83,15700.0,3.84,36800.0,4671000
3.79,10800.0,3.78,41500.0,3.77,27300.0,3.76,16500.0,3.75,4500.0,3.8,10000.0,3.81,28700.0,3.82,35700.0,3.83,15700.0,3.84,36800.0,4686000
3.8,400.0,3.79,10800.0,3.78,41500.0,3.77,27300.0,3.76,16500.0,3.81,28700.0,3.82,35700.0,3.83,15700.0,3.84,36800.0,3.85,34500.0,4710000
3.8,400.0,3.79,9900.0,3.78,41500.0,3.77,27300.0,3.76,16500.0,3.81,28700.0,3.82,35700.0,3.83,15700.0,3.84,36800.0,3.85,34500.0,4713000
3.79,10000.0,3.78,41500.0,3.77,27300.0,3.76,16500.0,3.75,4500.0,3.8,4600.0,3.81,28700.0,3.82,35700.0,3.83,15700.0,3.84,36800.0,4749000
3.79,10000.0,3.78,41500.0,3.77,27300.0,3.76,16500.0,3.75,4500.0,3.8,3600.0,3.81,28700.0,3.82,35700.0,3.83,15700.0,3.84,36800.0,4764000
3.79,10000.0,3.78,41500.0,3.77,27300.0,3.76,16500.0,3.75,24500.0,3.8,3600.0,3.81,28700.0,3.82,35700.0,3.83,15700.0,3.84,36800.0,4776000
3.79,10000.0,3.78,41500.0,3.77,30900.0,3.76,16500.0,3.75,24500.0,3.8,3600.0,3.81,28700.0,3.82,35700.0,3.83,15700.0,3.84,36800.0,4785000
3.79,10000.0,3.78,67800.0,3.77,30900.0,3.76,16500.0,3.75,24500.0,3.8,3600.0,3.81,28700.0,3.82,35700.0,3.83,15700.0,3.84,36800.0,4797000
3.79,10000.0,3.78,67800.0,3.77,30900.0,3.76,20500.0,3.75,24500.0,3.8,4800.0,3.81,28700.0,3.82,35700.0,3.83,15700.0,3.84,36800.0,4836000
3.79,10000.0,3.78,67800.0,3.77,30900.0,3.76,20500.0,3.75,24500.0,3.8,10400.0,3.81,28700.0,3.82,35700.0,3.83,15700.0,3.84,36800.0,4845000
3.79,10000.0,3.78,67800.0,3.77,27300.0,3.76,20500.0,3.75,24500.0,3.8,10400.0,3.81,28700.0,3.82,35700.0,3.83,15700.0,3.84,36800.0,4854000
3.79,10300.0,3.78,67800.0,3.77,27300.0,3.76,20500.0,3.75,24500.0,3.8,10400.0,3.81,28700.0,3.82,35700.0,3.83,15700.0,3.84,36800.0,4875000
3.79,45700.0,3.78,67800.0,3.77,27300.0,3.76,20500.0,3.75,24500.0,3.8,10400.0,3.81,28700.0,3.82,35700.0,3.83,15700.0,3.84,36800.0,4878000
3.79,45700.0,3.78,67800.0,3.77,30900.0,3.76,20500.0,3.75,24500.0,3.8,10400.0,3.81,28700.0,3.82,35700.0,3.83,15700.0,3.84,36800.0,4890000
3.79,45700.0,3.78,67800.0,3.77,30900.0,3.76,20500.0,3.75,24500.0,3.8,9400.0,3.81,28700.0,3.82,35700.0,3.83,15700.0,3.84,36800.0,4893000
3.79,45400.0,3.78,67800.0,3.77,30900.0,3.76,20500.0,3.75,24500.0,3.8,9400.0,3.81,28700.0,3.82,35700.0,3.83,15700.0,3.84,36800.0,4938000
3.79,45400.0,3.78,67800.0,3.77,30900.0,3.76,20500.0,3.75,24500.0,3.8,9000.0,3.81,28700.0,3.82,35700.0,3.83,15700.0,3.84,36800.0,4950000
3.79,45400.0,3.78,67800.0,3.77,30900.0,3.76,11900.0,3.75,24500.0,3.8,9000.0,3.81,28700.0,3.82,35700.0,3.83,15700.0,3.84,36800.0,4992000
3.79,54000.0,3.78,67800.0,3.77,30900.0,3.76,11900.0,3.75,24500.0,3.8,3400.0,3.81,28700.0,3.82,35700.0,3.83,15700.0,3.84,36800.0,5007000
3.8,3200.0,3.79,54000.0,3.78,67800.0,3.77,30900.0,3.76,11900.0,3.81,28700.0,3.82,35700.0,3.83,15700.0,3.84,36800.0,3.85,34500.0,5013000
3.8,300.0,3.79,54000.0,3.78,67800.0,3.77,30900.0,3.76,11900.0,3.81,28700.0,3.82,35700.0,3.83,15700.0,3.84,36800.0,3.85,34500.0,5070000
3.8,700.0,3.79,54000.0,3.78,67800.0,3.77,30900.0,3.76,11900.0,3.81,28700.0,3.82,35700.0,3.83,15700.0,3.84,36800.0,3.85,34500.0,5094000
3.8,700.0,3.79,54000.0,3.78,67800.0,3.77,20900.0,3.76,11900.0,3.81,28700.0,3.82,35700.0,3.83,15700.0,3.84,36800.0,3.85,34500.0,5097000
3.8,700.0,3.79,54000.0,3.78,67800.0,3.77,20900.0,3.76,11900.0,3.81,33700.0,3.82,35700.0,3.83,15700.0,3.84,36800.0,3.85,34500.0,5166000
3.8,700.0,3.79,54000.0,3.78,67800.0,3.77,20900.0,3.76,11900.0,3.81,33400.0,3.82,35700.0,3.83,15700.0,3.84,36800.0,3.85,34500.0,5172000
3.8,700.0,3.79,54100.0,3.78,67800.0,3.77,20900.0,3.76,11900.0,3.81,33400.0,3.82,35700.0,3.83,15700.0,3.84,36800.0,3.85,34500.0,5205000
3.8,700.0,3.79,54000.0,3.78,66800.0,3.77,20900.0,3.76,11900.0,3.81,33400.0,3.82,35700.0,3.83,15700.0,3.84,36800.0,3.85,34500.0,5214000
3.8,700.0,3.79,54000.0,3.78,66800.0,3.77,20900.0,3.76,11900.0,3.81,33300.0,3.82,35700.0,3.83,15700.0,3.84,36800.0,3.85,34500.0,5223000
3.8,100.0,3.79,54000.0,3.78,66800.0,3.77,20900.0,3.76,11900.0,3.81,33300.0,3.82,35700.0,3.83,15700.0,3.84,36800.0,3.85,34500.0,5226000
3.8,1600.0,3.79,54000.0,3.78,66800.0,3.77,20900.0,3.76,11900.0,3.81,33300.0,3.82,35700.0,3.83,15700.0,3.84,36800.0,3.85,34500.0,5238000
3.8,1700.0,3.79,54000.0,3.78,66800.0,3.77,20900.0,3.76,11900.0,3.81,33300.0,3.82,35700.0,3.83,15700.0,3.84,36800.0,3.85,34500.0,5304000
3.8,1600.0,3.79,54000.0,3.78,66800.0,3.77,20900.0,3.76,11900.0,3.81,33300.0,3.82,35700.0,3.83,15700.0,3.84,36800.0,3.85,34500.0,5322000
3.8,1600.0,3.79,54000.0,3.78,66800.0,3.77,20900.0,3.76,13900.0,3.81,33300.0,3.82,35700.0,3.83,15700.0,3.84,36800.0,3.85,34500.0,5355000
3.8,1800.0,3.79,54000.0,3.78,66800.0,3.77,20900.0,3.76,13900.0,3.81,33300.0,3.82,35700.0,3.83,15700.0,3.84,36800.0,3.85,34500.0,5388000
3.8,1800.0,3.79,54000.0,3.78,66800.0,3.77,20900.0,3.76,13900.0,3.81,33300.0,3.82,35700.0,3.83,14400.0,3.84,36800.0,3.85,34500.0,5397000
3.8,1800.0,3.79,54000.0,3.78,66800.0,3.77,20900.0,3.76,13900.0,3.81,33300.0,3.82,24200.0,3.83,14400.0,3.84,36800.0,3.85,34500.0,5403000
3.8,1800.0,3.79,54000.0,3.78,66800.0,3.77,17300.0,3.76,13900.0,3.81,33300.0,3.82,24200.0,3.83,14400.0,3.84,36800.0,3.85,34500.0,5424000
3.8,1800.0,3.79,54000.0,3.78,67100.0,3.77,17300.0,3.76,13900.0,3.81,33300.0,3.82,24200.0,3.83,14400.0,3.84,36800.0,3.85,34500.0,5439000
3.8,1800.0,3.79,54000.0,3.78,67100.0,3.77,20900.0,3.76,13900.0,3.81,33300.0,3.82,24200.0,3.83,14400.0,3.84,36800.0,3.85,34500.0,5460000
3.79,54000.0,3.78,67100.0,3.77,20900.0,3.76,13900.0,3.75,24500.0,3.8,18100.0,3.81,33300.0,3.82,24200.0,3.83,14400.0,3.84,36800.0,5463000
3.79,54000.0,3.78,67100.0,3.77,20900.0,3.76,13900.0,3.75,24500.0,3.8,17800.0,3.81,33300.0,3.82,24200.0,3.83,14400.0,3.84,36800.0,5481000
3.79,54000.0,3.78,67100.0,3.77,20900.0,3.76,16900.0,3.75,24500.0,3.8,17800.0,3.81,33300.0,3.82,24200.0,3.83,14400.0,3.84,36800.0,5514000
3.79,54000.0,3.78,67100.0,3.77,20900.0,3.76,16900.0,3.75,24500.0,3.8,15300.0,3.81,33300.0,3.82,24200.0,3.83,14400.0,3.84,36800.0,5529000
3.79,54000.0,3.78,67100.0,3.77,17300.0,3.76,16900.0,3.75,24500.0,3.8,15300.0,3.81,33300.0,3.82,24200.0,3.83,14400.0,3.84,36800.0,5532000
3.79,54000.0,3.78,67100.0,3.77,17300.0,3.76,16900.0,3.75,24500.0,3.8,15300.0,3.81,33300.0,3.82,24200.0,3.83,14400.0,3.84,36800.0,5547000
3.79,54800.0,3.78,67100.0,3.77,17300.0,3.76,16900.0,3.75,24500.0,3.8,15300.0,3.81,33300.0,3.82,24200.0,3.83,14400.0,3.84,36800.0,5550000
3.79,54800.0,3.78,67100.0,3.77,17300.0,3.76,16900.0,3.75,24500.0,3.8,12800.0,3.81,33300.0,3.82,24200.0,3.83,14400.0,3.84,36800.0,5553000
3.79,54800.0,3.78,67100.0,3.77,17300.0,3.76,16900.0,3.75,24500.0,3.8,14800.0,3.81,33300.0,3.82,24200.0,3.83,14400.0,3.84,36800.0,5556000
3.79,54800.0,3.78,67100.0,3.77,17300.0,3.76,16900.0,3.75,24500.0,3.8,14100.0,3.81,33300.0,3.82,24200.0,3.83,14400.0,3.84,36800.0,5562000
3.79,53500.0,3.78,67100.0,3.77,17300.0,3.76,16900.0,3.75,24500.0,3.8,8100.0,3.81,33300.0,3.82,24200.0,3.83,14400.0,3.84,36800.0,5577000
3.79,53500.0,3.78,67100.0,3.77,17300.0,3.76,16900.0,3.75,24500.0,3.8,7300.0,3.81,33300.0,3.82,24200.0,3.83,14400.0,3.84,36800.0,5595000
3.79,53300.0,3.78,67100.0,3.77,17300.0,3.76,16900.0,3.75,24500.0,3.8,7300.0,3.81,33300.0,3.82,24200.0,3.83,14400.0,3.84,36800.0,5604000
3.8,3700.0,3.79,53300.0,3.78,67100.0,3.77,17300.0,3.76,16900.0,3.81,33300.0,3.82,24200.0,3.83,14400.0,3.84,36800.0,3.85,34500.0,5616000
3.8,3700.0,3.79,53300.0,3.78,67100.0,3.77,17300.0,3.76,16900.0,3.81,33300.0,3.82,24200.0,3.83,14400.0,3.84,36800.0,3.85,34500.0,5625000
3.8,3700.0,3.79,53300.0,3.78,67100.0,3.77,17300.0,3.76,16900.0,3.81,33300.0,3.82,24200.0,3.83,14400.0,3.84,36800.0,3.85,34500.0,5631000
3.8,1700.0,3.79,53300.0,3.78,67100.0,3.77,17300.0,3.76,16900.0,3.81,33300.0,3.82,24200.0,3.83,14400.0,3.84,36800.0,3.85,34500.0,5703000
3.8,1700.0,3.79,53300.0,3.78,67100.0,3.77,17300.0,3.76,16900.0,3.81,33300.0,3.82,24200.0,3.83,14400.0,3.84,36800.0,3.85,34500.0,5727000
3.8,1700.0,3.79,53300.0,3.78,67100.0,3.77,17300.0,3.76,16900.0,3.81,33300.0,3.82,24200.0,3.83,15400.0,3.84,36800.0,3.85,34500.0,5739000
3.8,1700.0,3.79,53300.0,3.78,67100.0,3.77,17300.0,3.76,16900.0,3.81,33300.0,3.82,24200.0,3.83,15400.0,3.84,36800.0,3.85,34500.0,5748000
3.8,6200.0,3.79,53300.0,3.78,67100.0,3.77,17300.0,3.76,16900.0,3.81,33300.0,3.82,24200.0,3.83,15400.0,3.84,36800.0,3.85,34500.0,5757000
3.8,6200.0,3.79,53300.0,3.78,67100.0,3.77,17300.0,3.76,16900.0,3.81,33300.0,3.82,24200.0,3.83,15400.0,3.84,36800.0,3.85,34500.0,5784000
3.8,11400.0,3.79,53300.0,3.78,67100.0,3.77,17300.0,3.76,16900.0,3.81,33300.0,3.82,24200.0,3.83,15400.0,3.84,36800.0,3.85,34500.0,5799000
3.8,11200.0,3.79,53300.0,3.78,67100.0,3.77,17300.0,3.76,16900.0,3.81,33300.0,3.82,24200.0,3.83,15400.0,3.84,36800.0,3.85,34500.0,5817000
3.8,11200.0,3.79,53400.0,3.78,67100.0,3.77,17300.0,3.76,16900.0,3.81,33300.0,3.82,24200.0,3.83,15400.0,3.84,36800.0,3.85,34500.0,5829000
3.8,11600.0,3.79,53400.0,3.78,67100.0,3.77,17300.0,3.76,16900.0,3.81,33300.0,3.82,24200.0,3.83,15400.0,3.84,36800.0,3.85,34500.0,5835000
3.8,11600.0,3.79,53400.0,3.78,67100.0,3.77,17300.0,3.76,16900.0,3.81,33300.0,3.82,24200.0,3.83,15400.0,3.84,36800.0,3.85,34500.0,5847000
3.8,11600.0,3.79,53400.0,3.78,67100.0,3.77,17300.0,3.76,16900.0,3.81,33300.0,3.82,24200.0,3.83,15400.0,3.84,36800.0,3.85,34500.0,5931000
3.8,11600.0,3.79,53400.0,3.78,67100.0,3.77,17300.0,3.76,16900.0,3.81,33300.0,3.82,24200.0,3.83,15400.0,3.84,36800.0,3.85,34500.0,6015000
3.8,10400.0,3.79,53400.0,3.78,67100.0,3.77,17300.0,3.76,16900.0,3.81,33300.0,3.82,24200.0,3.83,15400.0,3.84,36800.0,3.85,34500.0,6018000
3.8,10800.0,3.79,53400.0,3.78,67100.0,3.77,17300.0,3.76,16900.0,3.81,33300.0,3.82,24200.0,3.83,15400.0,3.84,36800.0,3.85,34500.0,6030000
3.8,10800.0,3.79,53400.0,3.78,67100.0,3.77,17300.0,3.76,16900.0,3.81,35300.0,3.82,24200.0,3.83,15400.0,3.84,36800.0,3.85,34500.0,6090000
3.8,7800.0,3.79,53400.0,3.78,67100.0,3.77,17300.0,3.76,16900.0,3.81,35300.0,3.82,24200.0,3.83,15400.0,3.84,36800.0,3.85,34500.0,6093000
3.8,800.0,3.79,53400.0,3.78,67100.0,3.77,17300.0,3.76,16900.0,3.81,35300.0,3.82,24200.0,3.83,15400.0,3.84,36800.0,3.85,34500.0,6099000
3.79,53400.0,3.78,67100.0,3.77,17300.0,3.76,16900.0,3.75,24500.0,3.8,8300.0,3.81,35300.0,3.82,24200.0,3.83,15400.0,3.84,36800.0,6120000
3.79,53400.0,3.78,67100.0,3.77,17300.0,3.76,16900.0,3.75,24500.0,3.8,8200.0,3.81,35300.0,3.82,24200.0,3.83,15400.0,3.84,36800.0,6123000
3.79,53400.0,3.78,67100.0,3.77,17300.0,3.76,16900.0,3.75,24500.0,3.8,9800.0,3.81,35300.0,3.82,24200.0,3.83,15400.0,3.84,36800.0,6126000
3.79,56400.0,3.78,67100.0,3.77,17300.0,3.76,16900.0,3.75,24500.0,3.8,9800.0,3.81,35300.0,3.82,24200.0,3.83,15400.0,3.84,36800.0,6129000
3.79,57400.0,3.78,67100.0,3.77,17300.0,3.76,16900.0,3.75,24500.0,3.8,9800.0,3.81,35300.0,3.82,24200.0,3.83,15400.0,3.84,36800.0,6183000
3.79,57400.0,3.78,50200.0,3.77,17300.0,3.76,16900.0,3.75,24500.0,3.8,9800.0,3.81,35300.0,3.82,24200.0,3.83,15400.0,3.84,36800.0,6219000
3.79,57400.0,3.78,50200.0,3.77,17300.0,3.76,16900.0,3.75,24500.0,3.8,9800.0,3.81,36500.0,3.82,24200.0,3.83,15400.0,3.84,36800.0,6225000
3.79,58400.0,3.78,50200.0,3.77,17300.0,3.76,16900.0,3.75,24500.0,3.8,9800.0,3.81,36500.0,3.82,24200.0,3.83,15400.0,3.84,36800.0,6258000
3.79,58400.0,3.78,50200.0,3.77,17300.0,3.76,16900.0,3.75,24500.0,3.8,8200.0,3.81,36500.0,3.82,24200.0,3.83,15400.0,3.84,36800.0,6306000
3.79,58400.0,3.78,50200.0,3.77,17300.0,3.76,16900.0,3.75,24500.0,3.8,8900.0,3.81,36500.0,3.82,24200.0,3.83,15400.0,3.84,36800.0,6309000
3.8,3900.0,3.79,58400.0,3.78,50200.0,3.77,17300.0,3.76,16900.0,3.81,31500.0,3.82,24200.0,3.83,15400.0,3.84,36800.0,3.85,34500.0,6321000
3.79,58400.0,3.78,50200.0,3.77,17300.0,3.76,16900.0,3.75,24500.0,3.8,1100.0,3.81,32000.0,3.82,24200.0,3.83,15400.0,3.84,36800.0,6363000
3.79,58400.0,3.78,50200.0,3.77,17300.0,3.76,16900.0,3.75,24500.0,3.8,2900.0,3.81,32000.0,3.82,24200.0,3.83,15400.0,3.84,36800.0,6366000
3.79,71700.0,3.78,50200.0,3.77,17300.0,3.76,16900.0,3.75,24500.0,3.8,2900.0,3.81,32000.0,3.82,24200.0,3.83,15400.0,3.84,36800.0,6405000
3.79,71700.0,3.78,50200.0,3.77,17300.0,3.76,16900.0,3.75,24500.0,3.8,2900.0,3.81,32000.0,3.82,24200.0,3.83,15400.0,3.84,36800.0,6411000
3.79,71700.0,3.78,50200.0,3.77,17300.0,3.76,16900.0,3.75,24500.0,3.8,2900.0,3.81,32000.0,3.82,24200.0,3.83,15400.0,3.84,36800.0,6414000
3.79,71700.0,3.78,50200.0,3.77,17300.0,3.76,16900.0,3.75,24500.0,3.8,2000.0,3.81,32000.0,3.82,24200.0,3.83,15400.0,3.84,36800.0,6426000
3.79,71700.0,3.78,50200.0,3.77,17300.0,3.76,16900.0,3.75,24500.0,3.8,1700.0,3.81,32000.0,3.82,24200.0,3.83,15400.0,3.84,36800.0,6429000
3.79,71700.0,3.78,50200.0,3.77,17300.0,3.76,16900.0,3.75,24500.0,3.8,1700.0,3.81,32000.0,3.82,24200.0,3.83,15400.0,3.84,36800.0,6495000
3.79,71700.0,3.78,50200.0,3.77,17300.0,3.76,16900.0,3.75,24500.0,3.8,2400.0,3.81,32000.0,3.82,24200.0,3.83,15400.0,3.84,36800.0,6498000
3.79,71700.0,3.78,50200.0,3.77,17300.0,3.76,16900.0,3.75,24500.0,3.8,1700.0,3.81,32000.0,3.82,24200.0,3.83,15400.0,3.84,36800.0,6606000
3.79,71800.0,3.78,50200.0,3.77,17300.0,3.76,16900.0,3.75,24500.0,3.8,1700.0,3.81,32000.0,3.82,24200.0,3.83,15400.0,3.84,36800.0,6624000
3.79,71800.0,3.78,50200.0,3.77,17300.0,3.76,16900.0,3.75,24500.0,3.8,1700.0,3.81,32000.0,3.82,24200.0,3.83,15400.0,3.84,35500.0,6663000
3.79,71800.0,3.78,50200.0,3.77,17300.0,3.76,16900.0,3.75,24500.0,3.8,2300.0,3.81,32000.0,3.82,24200.0,3.83,15400.0,3.84,35500.0,6666000
3.79,71800.0,3.78,50200.0,3.77,17300.0,3.76,16900.0,3.75,24500.0,3.8,2300.0,3.81,32000.0,3.82,24200.0,3.83,15400.0,3.84,35500.0,6675000
3.79,71800.0,3.78,50200.0,3.77,17300.0,3.76,16900.0,3.75,24500.0,3.8,3600.0,3.81,32000.0,3.82,24200.0,3.83,15400.0,3.84,35500.0,6690000
3.8,22900.0,3.79,71800.0,3.78,50200.0,3.77,17300.0,3.76,16900.0,3.81,32000.0,3.82,24200.0,3.83,15400.0,3.84,35500.0,3.85,34500.0,6705000
3.8,22900.0,3.79,71800.0,3.78,50200.0,3.77,17300.0,3.76,16900.0,3.81,32000.0,3.82,24200.0,3.83,15400.0,3.84,35500.0,3.85,32400.0,6738000
3.8,500.0,3.79,71700.0,3.78,50200.0,3.77,17300.0,3.76,16900.0,3.81,32000.0,3.82,24200.0,3.83,15400.0,3.84,35500.0,3.85,32400.0,6759000
3.79,71700.0,3.78,50200.0,3.77,17300.0,3.76,16900.0,3.75,24500.0,3.8,500.0,3.81,32000.0,3.82,24200.0,3.83,15400.0,3.84,35500.0,6786000
3.79,71600.0,3.78,50200.0,3.77,17300.0,3.76,16900.0,3.75,24500.0,3.8,500.0,3.81,32000.0,3.82,24200.0,3.83,15400.0,3.84,35500.0,6795000
3.79,71600.0,3.78,50200.0,3.77,17300.0,3.76,16900.0,3.75,24500.0,3.8,500.0,3.81,32000.0,3.82,24200.0,3.83,15400.0,3.84,35500.0,6855000
3.79,70600.0,3.78,50200.0,3.77,17300.0,3.76,16900.0,3.75,24500.0,3.81,32000.0,3.82,24200.0,3.83,15400.0,3.84,35500.0,3.85,32400.0,6858000
3.8,600.0,3.79,70400.0,3.78,50200.0,3.77,17300.0,3.76,16900.0,3.81,32000.0,3.82,24200.0,3.83,15400.0,3.84,35500.0,3.85,32400.0,6861000
3.8,800.0,3.79,70400.0,3.78,50200.0,3.77,17300.0,3.76,16900.0,3.81,32000.0,3.82,24200.0,3.83,15400.0,3.84,35500.0,3.85,32400.0,6906000
3.79,70400.0,3.78,50200.0,3.77,17300.0,3.76,16900.0,3.75,24500.0,3.8,600.0,3.81,32000.0,3.82,24200.0,3.83,15400.0,3.84,35500.0,6909000
3.79,69800.0,3.78,50200.0,3.77,17300.0,3.76,16900.0,3.75,24500.0,3.8,600.0,3.81,32000.0,3.82,24200.0,3.83,15400.0,3.84,35500.0,6912000
3.79,69800.0,3.78,50200.0,3.77,17700.0,3.76,16900.0,3.75,24500.0,3.8,600.0,3.81,32000.0,3.82,24200.0,3.83,15400.0,3.84,35500.0,6945000
3.79,69800.0,3.78,50200.0,3.77,17700.0,3.76,16900.0,3.75,24500.0,3.81,32000.0,3.82,24200.0,3.83,15400.0,3.84,35500.0,3.85,32400.0,6966000
3.79,69800.0,3.78,50200.0,3.77,17700.0,3.76,16900.0,3.75,24500.0,3.81,31900.0,3.82,24200.0,3.83,15400.0,3.84,35500.0,3.85,32400.0,6990000
3.8,1400.0,3.79,69800.0,3.78,50200.0,3.77,17700.0,3.76,16900.0,3.81,31900.0,3.82,24200.0,3.83,15400.0,3.84,35500.0,3.85,32400.0,6999000
3.8,1400.0,3.79,70000.0,3.78,50200.0,3.77,17700.0,3.76,16900.0,3.81,31900.0,3.82,24200.0,3.83,15400.0,3.84,35500.0,3.85,32400.0,7005000
3.8,4400.0,3.79,70000.0,3.78,50200.0,3.77,17700.0,3.76,16900.0,3.81,31900.0,3.82,24200.0,3.83,15400.0,3.84,35500.0,3.85,32400.0,7008000
3.8,1400.0,3.79,70000.0,3.78,50200.0,3.77,17700.0,3.76,16900.0,3.81,31900.0,3.82,24200.0,3.83,15400.0,3.84,35500.0,3.85,32400.0,7023000
3.8,1400.0,3.79,66800.0,3.78,50200.0,3.77,17700.0,3.76,16900.0,3.81,31900.0,3.82,24200.0,3.83,15400.0,3.84,35500.0,3.85,32400.0,7026000
3.8,10400.0,3.79,66800.0,3.78,50200.0,3.77,17700.0,3.76,16900.0,3.81,31900.0,3.82,24200.0,3.83,15400.0,3.84,35500.0,3.85,32400.0,7035000
3.8,13400.0,3.79,66800.0,3.78,50200.0,3.77,17700.0,3.76,16900.0,3.81,31900.0,3.82,24200.0,3.83,15400.0,3.84,35500.0,3.85,32400.0,7041000
3.8,13400.0,3.79,66800.0,3.78,50200.0,3.77,17700.0,3.76,16900.0,3.81,31900.0,3.82,24200.0,3.83,15400.0,3.84,35500.0,3.85,32400.0,7155000
3.8,13400.0,3.79,66800.0,3.78,50200.0,3.77,17700.0,3.76,16900.0,3.81,33100.0,3.82,24200.0,3.83,15400.0,3.84,35500.0,3.85,32400.0,7158000
3.8,12800.0,3.79,66800.0,3.78,50200.0,3.77,17700.0,3.76,16900.0,3.81,33100.0,3.82,24200.0,3.83,15400.0,3.84,35500.0,3.85,32400.0,7209000
3.8,13800.0,3.79,66800.0,3.78,50200.0,3.77,17700.0,3.76,16900.0,3.81,33100.0,3.82,24200.0,3.83,15400.0,3.84,35500.0,3.85,32400.0,7227000
3.8,13800.0,3.79,66800.0,3.78,50200.0,3.77,17700.0,3.76,16900.0,3.81,33100.0,3.82,24200.0,3.83,15400.0,3.84,35500.0,3.85,31900.0,7233000
3.8,13900.0,3.79,66800.0,3.78,50200.0,3.77,17700.0,3.76,16900.0,3.81,33100.0,3.82,24200.0,3.83,15400.0,3.84,35500.0,3.85,31900.0,7236000
3.8,13900.0,3.79,66800.0,3.78,50200.0,3.77,17700.0,3.76,16900.0,3.81,33100.0,3.82,24600.0,3.83,15400.0,3.84,35500.0,3.85,31900.0,7248000
3.8,13900.0,3.79,66800.0,3.78,50200.0,3.77,17700.0,3.76,16900.0,3.81,32500.0,3.82,24600.0,3.83,15400.0,3.84,35500.0,3.85,31900.0,7266000
3.8,13900.0,3.79,66800.0,3.78,50200.0,3.77,17700.0,3.76,16900.0,3.81,32500.0,3.82,24200.0,3.83,15400.0,3.84,35500.0,3.85,31900.0,7272000
3.8,13900.0,3.79,66800.0,3.78,50200.0,3.77,17700.0,3.76,16900.0,3.81,32500.0,3.82,24200.0,3.83,15400.0,3.84,35500.0,3.85,31900.0,7284000
3.8,13900.0,3.79,66800.0,3.78,50200.0,3.77,17700.0,3.76,16900.0,3.81,32500.0,3.82,24200.0,3.83,15400.0,3.84,35500.0,3.85,31900.0,7299000
3.8,14900.0,3.79,66800.0,3.78,50200.0,3.77,17700.0,3.76,16900.0,3.81,32500.0,3.82,24200.0,3.83,15400.0,3.84,35500.0,3.85,31900.0,7305000
3.8,14900.0,3.79,66800.0,3.78,50200.0,3.77,17700.0,3.76,16900.0,3.81,32500.0,3.82,24200.0,3.83,15400.0,3.84,35500.0,3.85,31900.0,7308000
3.8,14300.0,3.79,66800.0,3.78,50200.0,3.77,17700.0,3.76,16900.0,3.81,32500.0,3.82,24200.0,3.83,15400.0,3.84,35500.0,3.85,31900.0,7326000
3.8,13300.0,3.79,66800.0,3.78,50200.0,3.77,17700.0,3.76,16900.0,3.81,32500.0,3.82,24200.0,3.83,15400.0,3.84,35500.0,3.85,31900.0,7362000
3.8,13800.0,3.79,66800.0,3.78,50200.0,3.77,17700.0,3.76,16900.0,3.81,32500.0,3.82,24200.0,3.83,15400.0,3.84,35500.0,3.85,31900.0,7377000
3.8,13800.0,3.79,66800.0,3.78,50200.0,3.77,17700.0,3.76,16900.0,3.81,31900.0,3.82,24200.0,3.83,15400.0,3.84,35500.0,3.85,31900.0,7386000
3.8,13800.0,3.79,66800.0,3.78,50200.0,3.77,17700.0,3.76,16900.0,3.81,31900.0,3.82,24200.0,3.83,15400.0,3.84,35500.0,3.85,31900.0,7404000
3.8,13800.0,3.79,66800.0,3.78,50200.0,3.77,17700.0,3.76,16900.0,3.81,28900.0,3.82,24200.0,3.83,15400.0,3.84,35500.0,3.85,31900.0,7467000
3.8,14400.0,3.79,66800.0,3.78,50200.0,3.77,17700.0,3.76,16900.0,3.81,32500.0,3.82,24200.0,3.83,15400.0,3.84,35500.0,3.85,31900.0,7494000
3.8,14400.0,3.79,66800.0,3.78,50200.0,3.77,17700.0,3.76,16900.0,3.81,32500.0,3.82,24200.0,3.83,15400.0,3.84,35500.0,3.85,31900.0,7575000
3.8,13200.0,3.79,66800.0,3.78,50200.0,3.77,17700.0,3.76,16900.0,3.81,32500.0,3.82,24200.0,3.83,15400.0,3.84,35500.0,3.85,31900.0,7578000
3.8,12800.0,3.79,66800.0,3.78,50200.0,3.77,17700.0,3.76,16900.0,3.81,32500.0,3.82,24200.0,3.83,15400.0,3.84,35500.0,3.85,31900.0,7656000
3.8,12800.0,3.79,66800.0,3.78,50200.0,3.77,17700.0,3.76,16900.0,3.81,32500.0,3.82,24200.0,3.83,15400.0,3.84,35500.0,3.85,31900.0,7659000
3.8,8500.0,3.79,66800.0,3.78,50200.0,3.77,17700.0,3.76,16900.0,3.81,32500.0,3.82,24200.0,3.83,15400.0,3.84,35500.0,3.85,31900.0,7671000
3.8,10500.0,3.79,66800.0,3.78,23900.0,3.77,17700.0,3.76,16900.0,3.81,32500.0,3.82,24200.0,3.83,15400.0,3.84,35500.0,3.85,31900.0,7689000
3.8,10000.0,3.79,66800.0,3.78,23900.0,3.77,17700.0,3.76,16900.0,3.81,32500.0,3.82,24200.0,3.83,15400.0,3.84,35500.0,3.85,31900.0,7704000
3.8,10000.0,3.79,66800.0,3.78,23900.0,3.77,17700.0,3.76,16900.0,3.81,25300.0,3.82,24200.0,3.83,15400.0,3.84,35500.0,3.85,31900.0,7707000
3.8,10000.0,3.79,66800.0,3.78,23900.0,3.77,17700.0,3.76,16900.0,3.81,23300.0,3.82,24200.0,3.83,15400.0,3.84,35500.0,3.85,31900.0,7731000
3.8,10000.0,3.79,66800.0,3.78,23900.0,3.77,17700.0,3.76,16900.0,3.81,23300.0,3.82,24200.0,3.83,15400.0,3.84,35500.0,3.85,31900.0,7740000
3.8,8000.0,3.79,66800.0,3.78,23900.0,3.77,17700.0,3.76,16900.0,3.81,24900.0,3.82,24200.0,3.83,15400.0,3.84,35500.0,3.85,31900.0,7749000
3.8,9000.0,3.79,66800.0,3.78,23900.0,3.77,17700.0,3.76,16900.0,3.81,24900.0,3.82,24200.0,3.83,15400.0,3.84,35500.0,3.85,31900.0,7767000
3.8,9000.0,3.79,66800.0,3.78,23900.0,3.77,17700.0,3.76,16900.0,3.81,18900.0,3.82,24200.0,3.83,15400.0,3.84,35500.0,3.85,31900.0,7782000
3.8,9000.0,3.79,66800.0,3.78,23900.0,3.77,17700.0,3.76,16900.0,3.81,18000.0,3.82,24200.0,3.83,15400.0,3.84,35500.0,3.85,31900.0,7806000
3.8,9000.0,3.79,66800.0,3.78,23900.0,3.77,17700.0,3.76,16900.0,3.81,18000.0,3.82,35700.0,3.83,15400.0,3.84,35500.0,3.85,31900.0,7854000
3.8,35100.0,3.79,66800.0,3.78,23900.0,3.77,17700.0,3.76,16900.0,3.81,18000.0,3.82,35700.0,3.83,15400.0,3.84,35500.0,3.85,31900.0,7863000
3.8,35100.0,3.79,66800.0,3.78,23900.0,3.77,17700.0,3.76,16900.0,3.81,18700.0,3.82,35700.0,3.83,15400.0,3.84,35500.0,3.85,31900.0,7866000
3.8,35100.0,3.79,66800.0,3.78,23900.0,3.77,17700.0,3.76,17200.0,3.81,18700.0,3.82,35700.0,3.83,15400.0,3.84,35500.0,3.85,31900.0,7878000
3.8,35100.0,3.79,66800.0,3.78,23900.0,3.77,17800.0,3.76,17200.0,3.81,18700.0,3.82,35700.0,3.83,15400.0,3.84,35500.0,3.85,31900.0,7914000
3.8,35100.0,3.79,66800.0,3.78,23900.0,3.77,17800.0,3.76,16900.0,3.81,18700.0,3.82,35700.0,3.83,15400.0,3.84,35500.0,3.85,31900.0,7962000
3.8,35100.0,3.79,66800.0,3.78,23900.0,3.77,17800.0,3.76,16900.0,3.81,17900.0,3.82,35700.0,3.83,15400.0,3.84,35500.0,3.85,31900.0,7986000
3.8,25100.0,3.79,66800.0,3.78,23900.0,3.77,17800.0,3.76,16900.0,3.81,17900.0,3.82,35700.0,3.83,15400.0,3.84,35500.0,3.85,31900.0,8010000
3.8,25100.0,3.79,66800.0,3.78,23900.0,3.77,17800.0,3.76,16900.0,3.81,17900.0,3.82,35700.0,3.83,15400.0,3.84,35500.0,3.85,31900.0,8016000
3.8,24300.0,3.79,66800.0,3.78,23900.0,3.77,17800.0,3.76,16900.0,3.81,15300.0,3.82,33700.0,3.83,14400.0,3.84,34500.0,3.85,30900.0,8058000
3.8,24300.0,3.79,66800.0,3.78,23900.0,3.77,17800.0,3.76,16900.0,3.81,15300.0,3.82,33700.0,3.83,14400.0,3.84,34500.0,3.85,30900.0,8061000
3.8,24300.0,3.79,66800.0,3.78,23900.0,3.77,17800.0,3.76,16200.0,3.81,15300.0,3.82,33700.0,3.83,14400.0,3.84,34500.0,3.85,30900.0,8076000
3.8,24300.0,3.79,66800.0,3.78,23900.0,3.77,17800.0,3.76,16200.0,3.81,15300.0,3.82,33700.0,3.83,14400.0,3.84,34500.0,3.85,30900.0,8100000
3.8,24300.0,3.79,66800.0,3.78,23900.0,3.77,17800.0,3.76,16200.0,3.81,15300.0,3.82,33700.0,3.83,14400.0,3.84,34500.0,3.85,30900.0,8175000
3.8,24300.0,3.79,66800.0,3.78,23900.0,3.77,17800.0,3.76,16200.0,3.81,15300.0,3.82,33700.0,3.83,14400.0,3.84,34500.0,3.85,30900.0,8235000
3.8,24300.0,3.79,66800.0,3.78,23900.0,3.77,17800.0,3.76,16200.0,3.81,15300.0,3.82,33700.0,3.83,14400.0,3.84,34500.0,3.85,30900.0,8295000
3.8,24300.0,3.79,66800.0,3.78,23900.0,3.77,17800.0,3.76,16200.0,3.81,15300.0,3.82,33700.0,3.83,14400.0,3.84,34500.0,3.85,30900.0,8355000
3.8,24300.0,3.79,66800.0,3.78,23900.0,3.77,17800.0,3.76,16200.0,3.81,15300.0,3.82,33700.0,3.83,14400.0,3.84,34500.0,3.85,30900.0,8415000
3.8,24300.0,3.79,66800.0,3.78,23900.0,3.77,17800.0,3.76,16200.0,3.81,15300.0,3.82,33700.0,3.83,14400.0,3.84,34500.0,3.85,30900.0,8475000
3.8,24300.0,3.79,66800.0,3.78,23900.0,3.77,17800.0,3.76,16200.0,3.81,15300.0,3.82,33700.0,3.83,14400.0,3.84,34500.0,3.85,30900.0,8535000
3.8,24300.0,3.79,66800.0,3.78,23900.0,3.77,17800.0,3.76,16200.0,3.81,15300.0,3.82,33700.0,3.83,14400.0,3.84,34500.0,3.85,30900.0,8595000
3.8,24300.0,3.79,66800.0,3.78,23900.0,3.77,17800.0,3.76,16200.0,3.81,15300.0,3.82,33700.0,3.83,14400.0,3.84,34500.0,3.85,30900.0,8655000
3.8,24300.0,3.79,66800.0,3.78,23900.0,3.77,17800.0,3.76,16200.0,3.81,15300.0,3.82,33700.0,3.83,14400.0,3.84,34500.0,3.85,30900.0,8715000
3.8,24300.0,3.79,66800.0,3.78,23900.0,3.77,17800.0,3.76,16200.0,3.81,15300.0,3.82,33700.0,3.83,14400.0,3.84,34500.0,3.85,30900.0,8775000
3.8,24300.0,3.79,66800.0,3.78,23900.0,3.77,17800.0,3.76,16200.0,3.81,15300.0,3.82,33700.0,3.83,14400.0,3.84,34500.0,3.85,30900.0,8835000
3.8,24300.0,3.79,66800.0,3.78,23900.0,3.77,17800.0,3.76,16200.0,3.81,15300.0,3.82,33700.0,3.83,14400.0,3.84,34500.0,3.85,30900.0,8895000
3.8,24300.0,3.79,66800.0,3.78,23900.0,3.77,17800.0,3.76,16200.0,3.81,15300.0,3.82,33700.0,3.83,14400.0,3.84,34500.0,3.85,30900.0,8955000
3.8,24300.0,3.79,66800.0,3.78,23900.0,3.77,17800.0,3.76,16200.0,3.81,15300.0,3.82,33700.0,3.83,14400.0,3.84,34500.0,3.85,30900.0,9015000
3.8,24300.0,3.79,66800.0,3.78,23900.0,3.77,17800.0,3.76,16200.0,3.81,15300.0,3.82,33700.0,3.83,14400.0,3.84,34500.0,3.85,30900.0,9075000
3.8,24300.0,3.79,66800.0,3.78,23900.0,3.77,17800.0,3.76,16200.0,3.81,15300.0,3.82,33700.0,3.83,14400.0,3.84,34500.0,3.85,30900.0,9135000
3.8,24300.0,3.79,66800.0,3.78,23900.0,3.77,17800.0,3.76,16200.0,3.81,15300.0,3.82,33700.0,3.83,14400.0,3.84,34500.0,3.85,30900.0,9195000
3.8,24300.0,3.79,66800.0,3.78,23900.0,3.77,17800.0,3.76,16200.0,3.81,15300.0,3.82,33700.0,3.83,14400.0,3.84,34500.0,3.85,30900.0,9255000
3.8,24300.0,3.79,66800.0,3.78,23900.0,3.77,17800.0,3.76,16200.0,3.81,15300.0,3.82,33700.0,3.83,14400.0,3.84,34500.0,3.85,30900.0,9315000
3.8,24300.0,3.79,66800.0,3.78,23900.0,3.77,17800.0,3.76,16200.0,3.81,15300.0,3.82,33700.0,3.83,14400.0,3.84,34500.0,3.85,30900.0,9375000
3.8,24300.0,3.79,66800.0,3.78,23900.0,3.77,17800.0,3.76,16200.0,3.81,15300.0,3.82,33700.0,3.83,14400.0,3.84,34500.0,3.85,30900.0,9435000
3.8,24300.0,3.79,66800.0,3.78,23900.0,3.77,17800.0,3.76,16200.0,3.81,15300.0,3.82,33700.0,3.83,14400.0,3.84,34500.0,3.85,30900.0,9495000
3.8,24300.0,3.79,66800.0,3.78,23900.0,3.77,17800.0,3.76,16200.0,3.81,15300.0,3.82,33700.0,3.83,14400.0,3.84,34500.0,3.85,30900.0,9555000
3.8,24300.0,3.79,66800.0,3.78,23900.0,3.77,17800.0,3.76,16200.0,3.81,15300.0,3.82,33700.0,3.83,14400.0,3.84,34500.0,3.85,30900.0,9615000
3.8,24300.0,3.79,66800.0,3.78,23900.0,3.77,17800.0,3.76,16200.0,3.81,15300.0,3.82,33700.0,3.83,14400.0,3.84,34500.0,3.85,30900.0,9675000
3.8,24300.0,3.79,66800.0,3.78,23900.0,3.77,17800.0,3.76,16200.0,3.81,15300.0,3.82,33700.0,3.83,14400.0,3.84,34500.0,3.85,30900.0,9735000
3.8,24300.0,3.79,66800.0,3.78,23900.0,3.77,17800.0,3.76,16200.0,3.81,15300.0,3.82,33700.0,3.83,14400.0,3.84,34500.0,3.85,30900.0,9795000
3.8,24300.0,3.79,66800.0,3.78,23900.0,3.77,17800.0,3.76,16200.0,3.81,15300.0,3.82,33700.0,3.83,14400.0,3.84,34500.0,3.85,30900.0,9855000
3.8,24300.0,3.79,66800.0,3.78,23900.0,3.77,17800.0,3.76,16200.0,3.81,15300.0,3.82,33700.0,3.83,14400.0,3.84,34500.0,3.85,30900.0,9915000
3.8,24300.0,3.79,66800.0,3.78,23900.0,3.77,17800.0,3.76,16200.0,3.81,15300.0,3.82,33700.0,3.83,14400.0,3.84,34500.0,3.85,30900.0,9975000
3.8,24300.0,3.79,66800.0,3.78,23900.0,3.77,17800.0,3.76,16200.0,3.81,15300.0,3.82,33700.0,3.83,14400.0,3.84,34500.0,3.85,30900.0,10035000
3.8,24300.0,3.79,66800.0,3.78,23900.0,3.77,17800.0,3.76,16200.0,3.81,15300.0,3.82,33700.0,3.83,14400.0,3.84,34500.0,3.85,30900.0,10095000
3.8,24300.0,3.79,66800.0,3.78,23900.0,3.77,17800.0,3.76,16200.0,3.81,15300.0,3.82,33700.0,3.83,14400.0,3.84,34500.0,3.85,30900.0,10155000
3.8,24300.0,3.79,66800.0,3.78,23900.0,3.77,17800.0,3.76,16200.0,3.81,15300.0,3.82,33700.0,3.83,14400.0,3.84,34500.0,3.85,30900.0,10215000
3.8,24300.0,3.79,66800.0,3.78,23900.0,3.77,17800.0,3.76,16200.0,3.81,15300.0,3.82,33700.0,3.83,14400.0,3.84,34500.0,3.85,30900.0,10275000
3.8,24300.0,3.79,66800.0,3.78,23900.0,3.77,17800.0,3.76,16200.0,3.81,15300.0,3.82,33700.0,3.83,14400.0,3.84,34500.0,3.85,30900.0,10335000
3.8,24300.0,3.79,66800.0,3.78,23900.0,3.77,17800.0,3.76,16200.0,3.81,15300.0,3.82,33700.0,3.83,14400.0,3.84,34500.0,3.85,30900.0,10395000
3.8,24300.0,3.79,66800.0,3.78,23900.0,3.77,17800.0,3.76,16200.0,3.81,15300.0,3.82,33700.0,3.83,14400.0,3.84,34500.0,3.85,30900.0,10455000
3.8,24300.0,3.79,66800.0,3.78,23900.0,3.77,17800.0,3.76,16200.0,3.81,15300.0,3.82,33700.0,3.83,14400.0,3.84,34500.0,3.85,30900.0,10515000
3.8,24300.0,3.79,66800.0,3.78,23900.0,3.77,17800.0,3.76,16200.0,3.81,15300.0,3.82,33700.0,3.83,14400.0,3.84,34500.0,3.85,30900.0,10575000
3.8,24300.0,3.79,66800.0,3.78,23900.0,3.77,17800.0,3.76,16200.0,3.81,15300.0,3.82,33700.0,3.83,14400.0,3.84,34500.0,3.85,30900.0,10635000
3.8,24300.0,3.79,66800.0,3.78,23900.0,3.77,17800.0,3.76,16200.0,3.81,15300.0,3.82,33700.0,3.83,14400.0,3.84,34500.0,3.85,30900.0,10695000
3.8,24300.0,3.79,66800.0,3.78,23900.0,3.77,17800.0,3.76,16200.0,3.81,15300.0,3.82,33700.0,3.83,14400.0,3.84,34500.0,3.85,30900.0,10755000
3.8,24300.0,3.79,66800.0,3.78,23900.0,3.77,17800.0,3.76,16200.0,3.81,15300.0,3.82,33700.0,3.83,14400.0,3.84,34500.0,3.85,30900.0,10815000
3.8,24300.0,3.79,66800.0,3.78,23900.0,3.77,17800.0,3.76,16200.0,3.81,15300.0,3.82,33700.0,3.83,14400.0,3.84,34500.0,3.85,30900.0,10875000
3.8,24300.0,3.79,66800.0,3.78,23900.0,3.77,17800.0,3.76,16200.0,3.81,15300.0,3.82,33700.0,3.83,14400.0,3.84,34500.0,3.85,30900.0,10935000
3.8,24300.0,3.79,66800.0,3.78,23900.0,3.77,17800.0,3.76,16200.0,3.81,15300.0,3.82,33700.0,3.83,14400.0,3.84,34500.0,3.85,30900.0,10995000
3.8,24300.0,3.79,66800.0,3.78,23900.0,3.77,17800.0,3.76,16200.0,3.81,15300.0,3.82,33700.0,3.83,14400.0,3.84,34500.0,3.85,30900.0,11055000
3.8,24300.0,3.79,66800.0,3.78,23900.0,3.77,17800.0,3.76,16200.0,3.81,15300.0,3.82,33700.0,3.83,14400.0,3.84,34500.0,3.85,30900.0,11115000
3.8,24300.0,3.79,66800.0,3.78,23900.0,3.77,17800.0,3.76,16200.0,3.81,15300.0,3.82,33700.0,3.83,14400.0,3.84,34500.0,3.85,30900.0,11175000
3.8,24300.0,3.79,66800.0,3.78,23900.0,3.77,17800.0,3.76,16200.0,3.81,15300.0,3.82,33700.0,3.83,14400.0,3.84,34500.0,3.85,30900.0,11235000
3.8,24300.0,3.79,66800.0,3.78,23900.0,3.77,17800.0,3.76,16200.0,3.81,15300.0,3.82,33700.0,3.83,14400.0,3.84,34500.0,3.85,30900.0,11295000
3.8,24300.0,3.79,66800.0,3.78,23900.0,3.77,17800.0,3.76,16200.0,3.81,15300.0,3.82,33700.0,3.83,14400.0,3.84,34500.0,3.85,30900.0,11355000
3.8,24300.0,3.79,66800.0,3.78,23900.0,3.77,17800.0,3.76,16200.0,3.81,15300.0,3.82,33700.0,3.83,14400.0,3.84,34500.0,3.85,30900.0,11415000
3.8,24300.0,3.79,66800.0,3.78,23900.0,3.77,17800.0,3.76,16200.0,3.81,15300.0,3.82,33700.0,3.83,14400.0,3.84,34500.0,3.85,30900.0,11475000
3.8,24300.0,3.79,66800.0,3.78,23900.0,3.77,17800.0,3.76,16200.0,3.81,15300.0,3.82,33700.0,3.83,14400.0,3.84,34500.0,3.85,30900.0,11535000
3.8,24300.0,3.79,66800.0,3.78,23900.0,3.77,17800.0,3.76,16200.0,3.81,15300.0,3.82,33700.0,3.83,14400.0,3.84,34500.0,3.85,30900.0,11595000
3.8,24300.0,3.79,66800.0,3.78,23900.0,3.77,17800.0,3.76,16200.0,3.81,15300.0,3.82,33700.0,3.83,14400.0,3.84,34500.0,3.85,30900.0,11655000
3.8,24300.0,3.79,66800.0,3.78,23900.0,3.77,17800.0,3.76,16200.0,3.81,15300.0,3.82,33700.0,3.83,14400.0,3.84,34500.0,3.85,30900.0,11715000
3.8,24300.0,3.79,66800.0,3.78,23900.0,3.77,17800.0,3.76,16200.0,3.81,15300.0,3.82,33700.0,3.83,14400.0,3.84,34500.0,3.85,30900.0,11775000
3.8,24300.0,3.79,66800.0,3.78,23900.0,3.77,17800.0,3.76,16200.0,3.81,15300.0,3.82,33700.0,3.83,14400.0,3.84,34500.0,3.85,30900.0,11835000
3.8,24300.0,3.79,66800.0,3.78,23900.0,3.77,17800.0,3.76,16200.0,3.81,15300.0,3.82,33700.0,3.83,14400.0,3.84,34500.0,3.85,30900.0,11895000
3.8,24300.0,3.79,66800.0,3.78,23900.0,3.77,17800.0,3.76,16200.0,3.81,15300.0,3.82,33700.0,3.83,14400.0,3.84,34500.0,3.85,30900.0,11955000
3.8,24300.0,3.79,66800.0,3.78,23900.0,3.77,17800.0,3.76,16200.0,3.81,15300.0,3.82,33700.0,3.83,14400.0,3.84,34500.0,3.85,30900.0,12015000
3.8,24300.0,3.79,66800.0,3.78,23900.0,3.77,17800.0,3.76,16200.0,3.81,15300.0,3.82,33700.0,3.83,14400.0,3.84,34500.0,3.85,30900.0,12075000
3.8,24300.0,3.79,66800.0,3.78,23900.0,3.77,17800.0,3.76,16200.0,3.81,15300.0,3.82,33700.0,3.83,14400.0,3.84,34500.0,3.85,30900.0,12135000
3.8,24300.0,3.79,66800.0,3.78,23900.0,3.77,17800.0,3.76,16200.0,3.81,15300.0,3.82,33700.0,3.83,14400.0,3.84,34500.0,3.85,30900.0,12195000
3.8,24300.0,3.79,66800.0,3.78,23900.0,3.77,17800.0,3.76,16200.0,3.81,15300.0,3.82,33700.0,3.83,14400.0,3.84,34500.0,3.85,30900.0,12255000
3.8,24300.0,3.79,66800.0,3.78,23900.0,3.77,17800.0,3.76,16200.0,3.81,15300.0,3.82,33700.0,3.83,14400.0,3.84,34500.0,3.85,30900.0,12315000
3.8,24300.0,3.79,66800.0,3.78,23900.0,3.77,17800.0,3.76,16200.0,3.81,15300.0,3.82,33700.0,3.83,14400.0,3.84,34500.0,3.85,30900.0,12375000
3.8,24300.0,3.79,66800.0,3.78,23900.0,3.77,17800.0,3.76,16200.0,3.81,15300.0,3.82,33700.0,3.83,14400.0,3.84,34500.0,3.85,30900.0,12435000
3.8,24300.0,3.79,66800.0,3.78,23900.0,3.77,17800.0,3.76,16200.0,3.81,15300.0,3.82,33700.0,3.83,14400.0,3.84,34500.0,3.85,30900.0,12495000
3.8,24300.0,3.79,66800.0,3.78,23900.0,3.77,17800.0,3.76,16200.0,3.81,15300.0,3.82,33700.0,3.83,14400.0,3.84,34500.0,3.85,30900.0,12555000
3.8,24300.0,3.79,66800.0,3.78,23900.0,3.77,17800.0,3.76,16200.0,3.81,15300.0,3.82,33700.0,3.83,14400.0,3.84,34500.0,3.85,30900.0,12615000
3.8,24300.0,3.79,66800.0,3.78,23900.0,3.77,17800.0,3.76,16200.0,3.81,15300.0,3.82,33700.0,3.83,14400.0,3.84,34500.0,3.85,30900.0,12675000
3.8,24300.0,3.79,66800.0,3.78,23900.0,3.77,17800.0,3.76,16200.0,3.81,15300.0,3.82,33700.0,3.83,14400.0,3.84,34500.0,3.85,30900.0,12735000
3.8,24300.0,3.79,66800.0,3.78,23900.0,3.77,17800.0,3.76,16200.0,3.81,15300.0,3.82,33700.0,3.83,14400.0,3.84,34500.0,3.85,30900.0,12795000
3.8,24300.0,3.79,66800.0,3.78,23900.0,3.77,17800.0,3.76,16200.0,3.81,15300.0,3.82,33700.0,3.83,14400.0,3.84,34500.0,3.85,30900.0,12855000
3.8,24300.0,3.79,66800.0,3.78,23900.0,3.77,17800.0,3.76,16200.0,3.81,15300.0,3.82,33700.0,3.83,14400.0,3.84,34500.0,3.85,30900.0,12915000
3.8,24300.0,3.79,66800.0,3.78,23900.0,3.77,17800.0,3.76,16200.0,3.81,15300.0,3.82,33700.0,3.83,14400.0,3.84,34500.0,3.85,30900.0,12975000
3.8,24300.0,3.79,66800.0,3.78,23900.0,3.77,17800.0,3.76,16200.0,3.81,15300.0,3.82,33700.0,3.83,14400.0,3.84,34500.0,3.85,30900.0,13035000
3.8,24300.0,3.79,66800.0,3.78,23900.0,3.77,17800.0,3.76,16200.0,3.81,15300.0,3.82,33700.0,3.83,14400.0,3.84,34500.0,3.85,30900.0,13095000
3.8,24300.0,3.79,66800.0,3.78,23900.0,3.77,17800.0,3.76,16200.0,3.81,15300.0,3.82,33700.0,3.83,14400.0,3.84,34500.0,3.85,30900.0,13155000
3.8,24300.0,3.79,66800.0,3.78,23900.0,3.77,17800.0,3.76,16200.0,3.81,15300.0,3.82,33700.0,3.83,14400.0,3.84,34500.0,3.85,30900.0,13215000
3.8,24300.0,3.79,66800.0,3.78,23900.0,3.77,17800.0,3.76,16200.0,3.81,15300.0,3.82,33700.0,3.83,14400.0,3.84,34500.0,3.85,30900.0,13275000
3.8,24300.0,3.79,66800.0,3.78,23900.0,3.77,17800.0,3.76,16200.0,3.81,15300.0,3.82,33700.0,3.83,14400.0,3.84,34500.0,3.85,30900.0,13335000
3.8,24300.0,3.79,66800.0,3.78,23900.0,3.77,17800.0,3.76,16200.0,3.81,15300.0,3.82,33700.0,3.83,14400.0,3.84,34500.0,3.85,30900.0,13395000
3.8,24300.0,3.79,66800.0,3.78,23900.0,3.77,17800.0,3.76,16200.0,3.81,15300.0,3.82,33700.0,3.83,14400.0,3.84,34500.0,3.85,30900.0,13455000
3.8,24300.0,3.79,66800.0,3.78,23900.0,3.77,17200.0,3.76,16200.0,3.81,15300.0,3.82,33700.0,3.83,14400.0,3.84,34500.0,3.85,30900.0,13500000
3.81,2000.0,3.8,24500.0,3.79,66800.0,3.78,15900.0,3.77,18200.0,3.82,35200.0,3.83,14400.0,3.84,34500.0,3.85,31400.0,3.86,35500.0,13503000
3.8,26600.0,3.79,66600.0,3.78,15900.0,3.77,18200.0,3.76,16200.0,3.81,1200.0,3.82,35200.0,3.83,14400.0,3.84,34500.0,3.85,31400.0,13524000
3.8,26600.0,3.79,66600.0,3.78,16500.0,3.77,18200.0,3.76,16200.0,3.81,1200.0,3.82,35200.0,3.83,14400.0,3.84,34500.0,3.85,31400.0,13539000
3.8,26600.0,3.79,66600.0,3.78,16500.0,3.77,18200.0,3.76,11300.0,3.81,1200.0,3.82,35200.0,3.83,14400.0,3.84,34500.0,3.85,31400.0,13542000
3.8,26600.0,3.79,66600.0,3.78,16500.0,3.77,18200.0,3.76,11300.0,3.81,1200.0,3.82,35200.0,3.83,14400.0,3.84,34500.0,3.85,31400.0,13548000
3.8,26600.0,3.79,66600.0,3.78,16500.0,3.77,18200.0,3.76,11300.0,3.81,1200.0,3.82,35200.0,3.83,14400.0,3.84,34500.0,3.85,31400.0,13554000
3.8,26600.0,3.79,66600.0,3.78,16500.0,3.77,18200.0,3.76,11300.0,3.81,1200.0,3.82,35200.0,3.83,14400.0,3.84,34500.0,3.85,31400.0,13557000
3.8,26600.0,3.79,66600.0,3.78,16500.0,3.77,18200.0,3.76,11300.0,3.81,1800.0,3.82,35200.0,3.83,14400.0,3.84,34500.0,3.85,31400.0,13566000
3.8,29000.0,3.79,66600.0,3.78,16500.0,3.77,18200.0,3.76,11300.0,3.81,1800.0,3.82,35200.0,3.83,14400.0,3.84,34500.0,3.85,31400.0,13569000
3.8,29000.0,3.79,66600.0,3.78,16500.0,3.77,18200.0,3.76,11300.0,3.81,1800.0,3.82,35200.0,3.83,14400.0,3.84,34500.0,3.85,31400.0,13572000
3.81,200.0,3.8,28800.0,3.79,66600.0,3.78,16500.0,3.77,18200.0,3.82,35200.0,3.83,14400.0,3.84,34500.0,3.85,31400.0,3.86,35500.0,13626000
3.81,200.0,3.8,28800.0,3.79,66600.0,3.78,16500.0,3.77,18200.0,3.82,35200.0,3.83,14700.0,3.84,34500.0,3.85,31400.0,3.86,35500.0,13650000
3.81,200.0,3.8,28800.0,3.79,66600.0,3.78,16500.0,3.77,18200.0,3.82,37000.0,3.83,14700.0,3.84,34500.0,3.85,31400.0,3.86,35500.0,13656000
3.81,200.0,3.8,28800.0,3.79,66600.0,3.78,16500.0,3.77,18200.0,3.82,37000.0,3.83,18200.0,3.84,34500.0,3.85,31400.0,3.86,35500.0,13701000
3.8,28200.0,3.79,66600.0,3.78,16500.0,3.77,18200.0,3.76,11300.0,3.81,400.0,3.82,37000.0,3.83,20200.0,3.84,34500.0,3.85,31400.0,13746000
3.8,28200.0,3.79,66600.0,3.78,16500.0,3.77,18200.0,3.76,11300.0,3.81,400.0,3.82,37000.0,3.83,20200.0,3.84,34500.0,3.85,33400.0,13776000
3.8,28200.0,3.79,66600.0,3.78,16500.0,3.77,18900.0,3.76,11300.0,3.81,400.0,3.82,37000.0,3.83,20200.0,3.84,34500.0,3.85,33400.0,13794000
3.8,28200.0,3.79,66600.0,3.78,16500.0,3.77,18900.0,3.76,11300.0,3.82,37000.0,3.83,20200.0,3.84,34500.0,3.85,33400.0,3.86,35500.0,13806000
3.8,28200.0,3.79,66600.0,3.78,16500.0,3.77,18900.0,3.76,11300.0,3.82,44000.0,3.83,20200.0,3.84,34500.0,3.85,33400.0,3.86,35500.0,13821000
3.8,28200.0,3.79,66600.0,3.78,16500.0,3.77,18900.0,3.76,11300.0,3.82,46000.0,3.83,20200.0,3.84,34500.0,3.85,33400.0,3.86,35500.0,13854000
3.81,100.0,3.8,28000.0,3.79,66600.0,3.78,16500.0,3.77,18900.0,3.82,45000.0,3.83,20200.0,3.84,34500.0,3.85,33400.0,3.86,35500.0,13860000
3.8,24700.0,3.79,66600.0,3.78,16500.0,3.77,18900.0,3.76,11300.0,3.82,45000.0,3.83,20200.0,3.84,34500.0,3.85,33400.0,3.86,35500.0,13866000
3.8,23900.0,3.79,66600.0,3.78,16500.0,3.77,18900.0,3.76,11300.0,3.82,45000.0,3.83,20200.0,3.84,34500.0,3.85,33400.0,3.86,35500.0,13869000
3.8,24500.0,3.79,66600.0,3.78,16500.0,3.77,18900.0,3.76,11300.0,3.81,2000.0,3.82,45000.0,3.83,20200.0,3.84,34500.0,3.85,33400.0,13890000
3.8,24500.0,3.79,66600.0,3.78,16500.0,3.77,18900.0,3.76,11300.0,3.81,2000.0,3.82,50001.0,3.83,20200.0,3.84,34500.0,3.85,33400.0,13929000
3.8,23900.0,3.79,66600.0,3.78,16500.0,3.77,18900.0,3.76,11300.0,3.81,2000.0,3.82,50001.0,3.83,20200.0,3.84,34500.0,3.85,33400.0,13932000
3.8,23900.0,3.79,66600.0,3.78,16500.0,3.77,18900.0,3.76,11300.0,3.81,1300.0,3.82,50001.0,3.83,20200.0,3.84,34500.0,3.85,33400.0,13941000
3.8,23900.0,3.79,58000.0,3.78,16500.0,3.77,18900.0,3.76,11300.0,3.81,300.0,3.82,50001.0,3.83,20200.0,3.84,34500.0,3.85,33400.0,13947000
3.8,22700.0,3.79,58000.0,3.78,16500.0,3.77,18900.0,3.76,11300.0,3.81,300.0,3.82,50001.0,3.83,20200.0,3.84,36500.0,3.85,33400.0,13992000
3.8,22700.0,3.79,58000.0,3.78,16500.0,3.77,18900.0,3.76,11300.0,3.81,300.0,3.82,50001.0,3.83,20200.0,3.84,36500.0,3.85,33400.0,14025000
3.8,22700.0,3.79,58000.0,3.78,16500.0,3.77,18900.0,3.76,11300.0,3.81,25200.0,3.82,46001.0,3.83,20200.0,3.84,36500.0,3.85,33400.0,14046000
3.8,22700.0,3.79,58000.0,3.78,16500.0,3.77,18900.0,3.76,11300.0,3.81,25200.0,3.82,46001.0,3.83,20200.0,3.84,36500.0,3.85,33400.0,14115000
3.8,22700.0,3.79,58000.0,3.78,16500.0,3.77,18900.0,3.76,11300.0,3.81,25200.0,3.82,46001.0,3.83,20200.0,3.84,36500.0,3.85,33400.0,14118000
3.8,22700.0,3.79,58000.0,3.78,16500.0,3.77,18900.0,3.76,11300.0,3.81,25100.0,3.82,46001.0,3.83,20200.0,3.84,36500.0,3.85,33400.0,14130000
3.8,10700.0,3.79,58000.0,3.78,16500.0,3.77,18900.0,3.76,11300.0,3.81,25900.0,3.82,46001.0,3.83,20200.0,3.84,36500.0,3.85,33400.0,14202000
3.8,2500.0,3.79,58000.0,3.78,16500.0,3.77,18900.0,3.76,11300.0,3.81,25900.0,3.82,46001.0,3.83,20200.0,3.84,36500.0,3.85,33400.0,14205000
3.8,2500.0,3.79,58000.0,3.78,16500.0,3.77,18900.0,3.76,11300.0,3.81,25900.0,3.82,46001.0,3.83,20200.0,3.84,36500.0,3.85,30600.0,14220000
3.8,900.0,3.79,58000.0,3.78,16500.0,3.77,18900.0,3.76,11300.0,3.81,25500.0,3.82,46001.0,3.83,16700.0,3.84,36500.0,3.85,30600.0,14235000
3.8,900.0,3.79,58000.0,3.78,16500.0,3.77,18900.0,3.76,11300.0,3.81,29100.0,3.82,46001.0,3.83,16700.0,3.84,36500.0,3.85,30600.0,14256000
3.8,900.0,3.79,58000.0,3.78,16500.0,3.77,18900.0,3.76,11300.0,3.81,28700.0,3.82,46001.0,3.83,16700.0,3.84,36500.0,3.85,30600.0,14259000
3.79,58000.0,3.78,16500.0,3.77,18900.0,3.76,11300.0,3.75,25600.0,3.8,1400.0,3.81,28700.0,3.82,46001.0,3.83,16700.0,3.84,36500.0,14316000
3.79,58000.0,3.78,16500.0,3.77,18900.0,3.76,20100.0,3.75,25600.0,3.8,1400.0,3.81,28700.0,3.82,46001.0,3.83,16700.0,3.84,36500.0,14319000
3.79,58000.0,3.78,15900.0,3.77,18900.0,3.76,20100.0,3.75,25600.0,3.8,1400.0,3.81,28700.0,3.82,46001.0,3.83,16700.0,3.84,36500.0,14337000
3.79,58000.0,3.78,22900.0,3.77,18900.0,3.76,20100.0,3.75,25600.0,3.8,1400.0,3.81,28700.0,3.82,46001.0,3.83,16700.0,3.84,36500.0,14343000
3.79,58000.0,3.78,22900.0,3.77,19500.0,3.76,20100.0,3.75,25600.0,3.8,600.0,3.81,28700.0,3.82,46001.0,3.83,16700.0,3.84,36500.0,14346000
3.79,58000.0,3.78,22900.0,3.77,19500.0,3.76,20100.0,3.75,25600.0,3.8,600.0,3.81,28700.0,3.82,34501.0,3.83,16700.0,3.84,36500.0,14376000
3.8,1100.0,3.79,58000.0,3.78,22900.0,3.77,19500.0,3.76,20100.0,3.81,28700.0,3.82,34501.0,3.83,16700.0,3.84,36500.0,3.85,30600.0,14379000
3.8,1100.0,3.79,58000.0,3.78,22900.0,3.77,19500.0,3.76,30100.0,3.81,28700.0,3.82,34501.0,3.83,16700.0,3.84,36500.0,3.85,30600.0,14421000
3.8,1100.0,3.79,58000.0,3.78,22900.0,3.77,19500.0,3.76,30100.0,3.81,28700.0,3.82,32701.0,3.83,16700.0,3.84,36500.0,3.85,30600.0,14445000
3.8,2700.0,3.79,58000.0,3.78,22900.0,3.77,19500.0,3.76,30100.0,3.81,28700.0,3.82,32701.0,3.83,16700.0,3.84,36500.0,3.85,30600.0,14448000
3.8,2700.0,3.79,58000.0,3.78,22900.0,3.77,19500.0,3.76,30100.0,3.81,28700.0,3.82,32701.0,3.83,16700.0,3.84,36500.0,3.85,32600.0,14469000
3.8,4700.0,3.79,58000.0,3.78,22900.0,3.77,19500.0,3.76,30100.0,3.81,28700.0,3.82,32701.0,3.83,16700.0,3.84,36500.0,3.85,32600.0,14475000
3.8,2700.0,3.79,58000.0,3.78,22900.0,3.77,19500.0,3.76,30100.0,3.81,28700.0,3.82,32701.0,3.83,16700.0,3.84,36500.0,3.85,32600.0,14481000
3.8,2800.0,3.79,58000.0,3.78,22900.0,3.77,19500.0,3.76,30100.0,3.81,28700.0,3.82,32701.0,3.83,16700.0,3.84,36500.0,3.85,32600.0,14484000
3.8,1200.0,3.79,58000.0,3.78,22900.0,3.77,19500.0,3.76,30100.0,3.81,28700.0,3.82,32701.0,3.83,16700.0,3.84,36500.0,3.85,32600.0,14493000
3.8,2500.0,3.79,58000.0,3.78,22900.0,3.77,19500.0,3.76,30100.0,3.81,28700.0,3.82,32701.0,3.83,16700.0,3.84,36500.0,3.85,32600.0,14496000
3.8,7500.0,3.79,58000.0,3.78,22900.0,3.77,19500.0,3.76,30100.0,3.81,28700.0,3.82,32701.0,3.83,16700.0,3.84,36500.0,3.85,32600.0,14505000
3.8,8500.0,3.79,58000.0,3.78,22900.0,3.77,19500.0,3.76,30100.0,3.81,28700.0,3.82,32701.0,3.83,16700.0,3.84,36500.0,3.85,32600.0,14520000
3.8,8500.0,3.79,58000.0,3.78,22900.0,3.77,19500.0,3.76,30100.0,3.81,28700.0,3.82,31700.0,3.83,16700.0,3.84,36500.0,3.85,32600.0,14580000
3.8,1500.0,3.79,58000.0,3.78,22900.0,3.77,19500.0,3.76,30100.0,3.81,28700.0,3.82,31700.0,3.83,16700.0,3.84,36500.0,3.85,32600.0,14583000
3.8,300.0,3.79,58000.0,3.78,22900.0,3.77,19500.0,3.76,30100.0,3.81,28700.0,3.82,31700.0,3.83,16700.0,3.84,36500.0,3.85,32600.0,14586000
3.8,3200.0,3.79,58000.0,3.78,22900.0,3.77,19500.0,3.76,30100.0,3.81,28700.0,3.82,31700.0,3.83,16700.0,3.84,36500.0,3.85,32600.0,14595000
3.8,3200.0,3.79,58000.0,3.78,22900.0,3.77,19500.0,3.76,30100.0,3.81,28700.0,3.82,31700.0,3.83,16700.0,3.84,36500.0,3.85,32600.0,14601000
3.8,2900.0,3.79,58000.0,3.78,22900.0,3.77,19500.0,3.76,30100.0,3.81,28700.0,3.82,31700.0,3.83,16700.0,3.84,36500.0,3.85,32600.0,14634000
3.8,2900.0,3.79,58000.0,3.78,22900.0,3.77,15000.0,3.76,30100.0,3.81,28700.0,3.82,31700.0,3.83,16700.0,3.84,36500.0,3.85,32600.0,14694000
3.8,2900.0,3.79,62600.0,3.78,22900.0,3.77,15000.0,3.76,30100.0,3.81,28700.0,3.82,31700.0,3.83,16700.0,3.84,36500.0,3.85,32600.0,14718000
3.8,2900.0,3.79,62600.0,3.78,22900.0,3.77,13600.0,3.76,30100.0,3.81,28700.0,3.82,31700.0,3.83,16700.0,3.84,36500.0,3.85,32600.0,14766000
3.8,2900.0,3.79,62600.0,3.78,22900.0,3.77,13600.0,3.76,30100.0,3.81,28700.0,3.82,31700.0,3.83,16700.0,3.84,36500.0,3.85,32600.0,14769000
3.8,2900.0,3.79,62600.0,3.78,22900.0,3.77,13600.0,3.76,30100.0,3.81,3800.0,3.82,31700.0,3.83,16700.0,3.84,36500.0,3.85,32600.0,14781000
3.8,2900.0,3.79,62600.0,3.78,22900.0,3.77,13600.0,3.76,30100.0,3.81,3800.0,3.82,31700.0,3.83,16700.0,3.84,11600.0,3.85,32600.0,14784000
3.8,2900.0,3.79,62600.0,3.78,22900.0,3.77,13600.0,3.76,30100.0,3.81,8000.0,3.82,31700.0,3.83,16700.0,3.84,11600.0,3.85,32600.0,14793000
3.8,2700.0,3.79,62600.0,3.78,22900.0,3.77,13600.0,3.76,30100.0,3.81,8000.0,3.82,31700.0,3.83,16700.0,3.84,11600.0,3.85,32600.0,14889000
3.8,2700.0,3.79,62600.0,3.78,22900.0,3.77,13600.0,3.76,30100.0,3.81,9800.0,3.82,31700.0,3.83,16700.0,3.84,11600.0,3.85,32600.0,14892000
3.8,2700.0,3.79,62600.0,3.78,22900.0,3.77,13600.0,3.76,30100.0,3.81,9800.0,3.82,31700.0,3.83,16700.0,3.84,11600.0,3.85,33600.0,14916000
3.8,3700.0,3.79,62600.0,3.78,22900.0,3.77,13600.0,3.76,30100.0,3.81,9800.0,3.82,31700.0,3.83,16700.0,3.84,11600.0,3.85,33600.0,14925000
3.79,64400.0,3.78,22900.0,3.77,13600.0,3.76,30100.0,3.75,27400.0,3.8,1900.0,3.81,9800.0,3.82,31700.0,3.83,16700.0,3.84,11600.0,14988000
3.8,200.0,3.79,64200.0,3.78,22900.0,3.77,13600.0,3.76,30100.0,3.81,9800.0,3.82,31700.0,3.83,16700.0,3.84,11600.0,3.85,33600.0,15000000
3.8,1400.0,3.79,64200.0,3.78,22900.0,3.77,13600.0,3.76,30100.0,3.81,9800.0,3.82,31700.0,3.83,16700.0,3.84,11600.0,3.85,33600.0,15009000
3.79,64200.0,3.78,22900.0,3.77,13600.0,3.76,30100.0,3.75,27400.0,3.8,2600.0,3.81,9800.0,3.82,31700.0,3.83,16700.0,3.84,11600.0,15042000
3.79,64200.0,3.78,22900.0,3.77,13600.0,3.76,30100.0,3.75,27400.0,3.8,2600.0,3.81,9800.0,3.82,31700.0,3.83,12700.0,3.84,11600.0,15045000
3.79,63200.0,3.78,22900.0,3.77,13600.0,3.76,30100.0,3.75,27400.0,3.8,2600.0,3.81,9800.0,3.82,31700.0,3.83,12700.0,3.84,11600.0,15066000
3.79,68200.0,3.78,22900.0,3.77,13600.0,3.76,30100.0,3.75,27400.0,3.8,2600.0,3.81,34700.0,3.82,31700.0,3.83,12700.0,3.84,11600.0,15075000
3.79,68200.0,3.78,22900.0,3.77,13600.0,3.76,30100.0,3.75,27400.0,3.8,2600.0,3.81,34700.0,3.82,31700.0,3.83,12700.0,3.84,11600.0,15135000
3.79,67000.0,3.78,22900.0,3.77,13600.0,3.76,30100.0,3.75,27400.0,3.8,2600.0,3.81,34700.0,3.82,31700.0,3.83,12700.0,3.84,11600.0,15138000
3.79,67000.0,3.78,22900.0,3.77,12900.0,3.76,30100.0,3.75,27400.0,3.8,3100.0,3.81,34700.0,3.82,31700.0,3.83,12700.0,3.84,11600.0,15186000
3.79,66600.0,3.78,22900.0,3.77,12900.0,3.76,30100.0,3.75,27400.0,3.8,3100.0,3.81,34700.0,3.82,31700.0,3.83,12700.0,3.84,11600.0,15240000
3.79,66600.0,3.78,22900.0,3.77,12900.0,3.76,30800.0,3.75,27400.0,3.8,3100.0,3.81,34700.0,3.82,31700.0,3.83,12700.0,3.84,11600.0,15270000
3.79,66600.0,3.78,22900.0,3.77,15900.0,3.76,30800.0,3.75,27400.0,3.8,3100.0,3.81,34700.0,3.82,31700.0,3.83,12700.0,3.84,11600.0,15288000
3.79,66600.0,3.78,22900.0,3.77,15900.0,3.76,30800.0,3.75,27400.0,3.8,3100.0,3.81,34700.0,3.82,31700.0,3.83,12700.0,3.84,11600.0,15375000
3.79,65400.0,3.78,22900.0,3.77,15900.0,3.76,30800.0,3.75,27400.0,3.8,3100.0,3.81,34700.0,3.82,31700.0,3.83,12700.0,3.84,11600.0,15378000
3.79,65400.0,3.78,25900.0,3.77,15900.0,3.76,30800.0,3.75,27400.0,3.8,3100.0,3.81,34700.0,3.82,31700.0,3.83,12700.0,3.84,11600.0,15381000
3.79,65400.0,3.78,25900.0,3.77,15900.0,3.76,30800.0,3.75,27400.0,3.8,3100.0,3.81,35600.0,3.82,31700.0,3.83,12700.0,3.84,11600.0,15438000
3.79,65400.0,3.78,25900.0,3.77,15900.0,3.76,30800.0,3.75,27400.0,3.8,4100.0,3.81,35600.0,3.82,31700.0,3.83,12700.0,3.84,11600.0,15447000
3.79,65400.0,3.78,25900.0,3.77,15900.0,3.76,30800.0,3.75,27400.0,3.8,9100.0,3.81,35600.0,3.82,31700.0,3.83,12700.0,3.84,11600.0,15468000
3.79,65400.0,3.78,25900.0,3.77,15900.0,3.76,30800.0,3.75,27400.0,3.8,9100.0,3.81,35600.0,3.82,28400.0,3.83,12700.0,3.84,11600.0,15552000
3.79,65400.0,3.78,25900.0,3.77,15900.0,3.76,30800.0,3.75,27400.0,3.8,12400.0,3.81,35600.0,3.82,28400.0,3.83,12700.0,3.84,11600.0,15561000
