BidPrice1,BidVolume1,BidPrice2,BidVolume2,BidPrice3,BidVolume3,BidPrice4,BidVolume4,BidPrice5,BidVolume5,AskPrice1,AskVolume1,AskPrice2,AskVolume2,AskPrice3,AskVolume3,AskPrice4,AskVolume4,AskPrice5,AskVolume5,timeMs
7.0,2800.0,6.99,1200.0,6.98,9400.0,6.97,10000.0,6.96,5000.0,7.01,1700.0,7.02,49100.0,7.03,36400.0,7.04,15800.0,7.05,12200.0,900000
6.99,52000.0,6.98,59400.0,6.97,10100.0,6.96,14000.0,6.95,33500.0,7.0,100.0,7.01,68600.0,7.02,53600.0,7.03,36400.0,7.04,22000.0,903000
6.99,52100.0,6.98,59400.0,6.97,10100.0,6.96,14100.0,6.95,43500.0,7.0,1200.0,7.01,68500.0,7.02,60000.0,7.03,36400.0,7.04,23000.0,906000
6.99,50400.0,6.98,59400.0,6.97,60100.0,6.96,14800.0,6.95,43500.0,7.0,4800.0,7.01,73500.0,7.02,60000.0,7.03,36400.0,7.04,23000.0,909000
6.99,50100.0,6.98,59400.0,6.97,60100.0,6.96,16900.0,6.95,43500.0,7.0,4800.0,7.01,73500.0,7.02,60000.0,7.03,36400.0,7.04,23000.0,912000
6.99,50200.0,6.98,59400.0,6.97,60100.0,6.96,16900.0,6.95,43500.0,7.0,4700.0,7.01,73500.0,7.02,60000.0,7.03,36400.0,7.04,23000.0,915000
6.99,50100.0,6.98,59400.0,6.97,60100.0,6.96,66900.0,6.95,43500.0,7.0,4700.0,7.01,73500.0,7.02,60000.0,7.03,36400.0,7.04,23000.0,921000
6.99,50100.0,6.98,59400.0,6.97,60100.0,6.96,66900.0,6.95,43500.0,7.0,1700.0,7.01,73500.0,7.02,60000.0,7.03,36400.0,7.04,23000.0,939000
6.99,53700.0,6.98,59400.0,6.97,60100.0,6.96,66900.0,6.95,43500.0,7.0,1800.0,7.01,73500.0,7.02,60000.0,7.03,36400.0,7.04,26000.0,942000
6.99,53700.0,6.98,59400.0,6.97,60100.0,6.96,66900.0,6.95,43500.0,7.0,1900.0,7.01,73500.0,7.02,60000.0,7.03,36400.0,7.04,26000.0,951000
7.0,900.0,6.99,53000.0,6.98,59400.0,6.97,60100.0,6.96,66900.0,7.01,73500.0,7.02,60000.0,7.03,36400.0,7.04,26000.0,7.05,19900.0,954000
6.99,53000.0,6.98,59400.0,6.97,60100.0,6.96,66900.0,6.95,43500.0,7.0,1000.0,7.01,73500.0,7.02,60000.0,7.03,36400.0,7.04,26000.0,957000
6.99,53000.0,6.98,59400.0,6.97,60100.0,6.96,66900.0,6.95,43500.0,7.0,13400.0,7.01,73500.0,7.02,60000.0,7.03,36400.0,7.04,26000.0,960000
6.99,52700.0,6.98,59400.0,6.97,60100.0,6.96,66900.0,6.95,43500.0,7.0,13400.0,7.01,73500.0,7.02,60000.0,7.03,36400.0,7.04,26000.0,963000
6.99,53400.0,6.98,59400.0,6.97,60100.0,6.96,66900.0,6.95,43500.0,7.0,11800.0,7.01,73500.0,7.02,60000.0,7.03,36400.0,7.04,26000.0,966000
6.99,53400.0,6.98,59400.0,6.97,60100.0,6.96,66900.0,6.95,43500.0,7.0,12100.0,7.01,73500.0,7.02,60000.0,7.03,36400.0,7.04,26000.0,969000
6.99,53400.0,6.98,59400.0,6.97,60100.0,6.96,66900.0,6.95,43500.0,7.0,11900.0,7.01,73500.0,7.02,60000.0,7.03,36400.0,7.04,26000.0,972000
6.99,53400.0,6.98,59400.0,6.97,60100.0,6.96,66900.0,6.95,43500.0,7.0,11900.0,7.01,73500.0,7.02,60000.0,7.03,36400.0,7.04,26000.0,975000
6.99,53400.0,6.98,59400.0,6.97,60100.0,6.96,66900.0,6.95,43500.0,7.0,11900.0,7.01,73500.0,7.02,60000.0,7.03,36400.0,7.04,26000.0,987000
6.99,53800.0,6.98,59400.0,6.97,60100.0,6.96,66900.0,6.95,43500.0,7.0,11900.0,7.01,73500.0,7.02,60000.0,7.03,36400.0,7.04,26000.0,990000
6.99,53800.0,6.98,59400.0,6.97,60100.0,6.96,66900.0,6.95,43500.0,7.0,11900.0,7.01,73500.0,7.02,60000.0,7.03,34000.0,7.04,26000.0,996000
6.99,53800.0,6.98,59400.0,6.97,60100.0,6.96,66900.0,6.95,43500.0,7.0,11900.0,7.01,73500.0,7.02,60000.0,7.03,34000.0,7.04,26000.0,999000
6.99,50200.0,6.98,59400.0,6.97,60100.0,6.96,66900.0,6.95,43500.0,7.0,12700.0,7.01,73500.0,7.02,60000.0,7.03,34000.0,7.04,26000.0,1002000
6.99,50200.0,6.98,61400.0,6.97,60100.0,6.96,66900.0,6.95,43500.0,7.0,12700.0,7.01,73500.0,7.02,60000.0,7.03,34000.0,7.04,26000.0,1014000
6.99,50200.0,6.98,61400.0,6.97,60100.0,6.96,66900.0,6.95,43500.0,7.0,13700.0,7.01,73500.0,7.02,60000.0,7.03,34000.0,7.04,26000.0,1017000
6.99,50200.0,6.98,61400.0,6.97,60100.0,6.96,66900.0,6.95,43500.0,7.0,11100.0,7.01,73500.0,7.02,60000.0,7.03,34000.0,7.04,26000.0,1032000
6.99,50200.0,6.98,61400.0,6.97,60100.0,6.96,66900.0,6.95,43500.0,7.0,11200.0,7.01,73500.0,7.02,60000.0,7.03,34000.0,7.04,26000.0,1035000
6.99,50000.0,6.98,61400.0,6.97,60100.0,6.96,66900.0,6.95,43500.0,7.0,14400.0,7.01,73500.0,7.02,60000.0,7.03,34000.0,7.04,26000.0,1038000
6.99,50300.0,6.98,61400.0,6.97,60100.0,6.96,66900.0,6.95,43500.0,7.0,14400.0,7.01,73500.0,7.02,60000.0,7.03,34000.0,7.04,26000.0,1041000
6.99,50300.0,6.98,61400.0,6.97,60100.0,6.96,66900.0,6.95,43500.0,7.0,14400.0,7.01,73500.0,7.02,60000.0,7.03,34000.0,7.04,26000.0,1044000
6.99,50300.0,6.98,61400.0,6.97,60100.0,6.96,66900.0,6.95,43500.0,7.0,8700.0,7.01,73500.0,7.02,60000.0,7.03,34000.0,7.04,26000.0,1047000
6.99,52500.0,6.98,61400.0,6.97,60100.0,6.96,66900.0,6.95,43500.0,7.0,8300.0,7.01,73500.0,7.02,60000.0,7.03,34000.0,7.04,26000.0,1050000
6.99,52500.0,6.98,61400.0,6.97,60100.0,6.96,66900.0,6.95,43500.0,7.0,8000.0,7.01,73500.0,7.02,60000.0,7.03,36000.0,7.04,26000.0,1053000
6.99,52500.0,6.98,61400.0,6.97,60100.0,6.96,66900.0,6.95,43500.0,7.0,4900.0,7.01,73500.0,7.02,60000.0,7.03,36000.0,7.04,26000.0,1062000
6.99,52500.0,6.98,61400.0,6.97,60100.0,6.96,66900.0,6.95,43500.0,7.0,5600.0,7.01,73500.0,7.02,60000.0,7.03,36000.0,7.04,26000.0,1065000
6.99,52500.0,6.98,61400.0,6.97,60100.0,6.96,66900.0,6.95,43500.0,7.0,9600.0,7.01,73500.0,7.02,60000.0,7.03,36000.0,7.04,26000.0,1068000
6.99,52500.0,6.98,61400.0,6.97,60100.0,6.96,66900.0,6.95,43500.0,7.0,11000.0,7.01,73500.0,7.02,60000.0,7.03,36000.0,7.04,26000.0,1071000
6.99,52900.0,6.98,61400.0,6.97,60100.0,6.96,66900.0,6.95,43500.0,7.0,11200.0,7.01,73500.0,7.02,60000.0,7.03,36000.0,7.04,26000.0,1074000
6.99,52900.0,6.98,61400.0,6.97,60100.0,6.96,66900.0,6.95,43500.0,7.0,16200.0,7.01,73500.0,7.02,60000.0,7.03,36000.0,7.04,26000.0,1077000
6.99,52900.0,6.98,61400.0,6.97,60100.0,6.96,66900.0,6.95,43500.0,7.0,16200.0,7.01,73500.0,7.02,60000.0,7.03,36000.0,7.04,26000.0,1080000
6.99,52900.0,6.98,61400.0,6.97,60100.0,6.96,66900.0,6.95,43500.0,7.0,16200.0,7.01,73500.0,7.02,60000.0,7.03,36000.0,7.04,26000.0,1083000
6.99,52900.0,6.98,61400.0,6.97,60100.0,6.96,66900.0,6.95,43500.0,7.0,16100.0,7.01,73500.0,7.02,60000.0,7.03,36000.0,7.04,26000.0,1086000
6.99,52900.0,6.98,61400.0,6.97,60100.0,6.96,66900.0,6.95,43500.0,7.0,15900.0,7.01,73500.0,7.02,60000.0,7.03,36000.0,7.04,26000.0,1092000
6.99,52900.0,6.98,61400.0,6.97,60100.0,6.96,66900.0,6.95,43500.0,7.0,10900.0,7.01,43500.0,7.02,60000.0,7.03,36000.0,7.04,26000.0,1095000
6.99,52900.0,6.98,61400.0,6.97,60100.0,6.96,66900.0,6.95,43500.0,7.0,10900.0,7.01,43500.0,7.02,60000.0,7.03,36000.0,7.04,26000.0,1101000
6.99,52900.0,6.98,61400.0,6.97,60100.0,6.96,66900.0,6.95,43500.0,7.0,10900.0,7.01,43500.0,7.02,60000.0,7.03,36000.0,7.04,26000.0,1104000
6.99,52900.0,6.98,61400.0,6.97,60100.0,6.96,66900.0,6.95,43500.0,7.0,10800.0,7.01,43500.0,7.02,60000.0,7.03,36000.0,7.04,26000.0,1107000
6.99,52900.0,6.98,61400.0,6.97,60100.0,6.96,66900.0,6.95,43500.0,7.0,10900.0,7.01,43500.0,7.02,60000.0,7.03,36000.0,7.04,31000.0,1110000
6.99,52700.0,6.98,61400.0,6.97,60100.0,6.96,66900.0,6.95,43500.0,7.0,10900.0,7.01,43500.0,7.02,60000.0,7.03,36000.0,7.04,31000.0,1113000
6.99,52600.0,6.98,61400.0,6.97,60100.0,6.96,66900.0,6.95,43500.0,7.0,11100.0,7.01,43500.0,7.02,60000.0,7.03,36000.0,7.04,31000.0,1116000
6.99,52600.0,6.98,61300.0,6.97,60100.0,6.96,66900.0,6.95,43500.0,7.0,11100.0,7.01,43500.0,7.02,60000.0,7.03,36000.0,7.04,31000.0,1119000
6.99,52200.0,6.98,61300.0,6.97,60100.0,6.96,66900.0,6.95,43500.0,7.0,11100.0,7.01,43500.0,7.02,60000.0,7.03,36000.0,7.04,31000.0,1122000
6.99,52200.0,6.98,61300.0,6.97,60100.0,6.96,66900.0,6.95,43500.0,7.0,8300.0,7.01,43500.0,7.02,60000.0,7.03,36000.0,7.04,31000.0,1125000
6.99,51800.0,6.98,61300.0,6.97,60100.0,6.96,66900.0,6.95,43500.0,7.0,18000.0,7.01,43500.0,7.02,60000.0,7.03,36000.0,7.04,31000.0,1128000
6.99,51100.0,6.98,61300.0,6.97,60100.0,6.96,66900.0,6.95,43500.0,7.0,18000.0,7.01,43500.0,7.02,60000.0,7.03,36000.0,7.04,31000.0,1131000
6.99,51900.0,6.98,61300.0,6.97,60100.0,6.96,66900.0,6.95,43500.0,7.0,19100.0,7.01,45900.0,7.02,60000.0,7.03,36000.0,7.04,31000.0,1137000
6.99,51600.0,6.98,61300.0,6.97,60100.0,6.96,66900.0,6.95,43500.0,7.0,19100.0,7.01,45900.0,7.02,60000.0,7.03,36000.0,7.04,31000.0,1140000
6.99,51300.0,6.98,61300.0,6.97,60100.0,6.96,66900.0,6.95,43500.0,7.0,18800.0,7.01,45900.0,7.02,60000.0,7.03,36000.0,7.04,31000.0,1143000
6.99,51500.0,6.98,61300.0,6.97,60100.0,6.96,66900.0,6.95,43500.0,7.0,18800.0,7.01,45900.0,7.02,60000.0,7.03,36000.0,7.04,31000.0,1152000
6.99,52200.0,6.98,61300.0,6.97,60100.0,6.96,66900.0,6.95,43500.0,7.0,18800.0,7.01,45900.0,7.02,60000.0,7.03,36000.0,7.04,31000.0,1155000
6.99,52200.0,6.98,61300.0,6.97,60100.0,6.96,66900.0,6.95,43500.0,7.0,18800.0,7.01,45900.0,7.02,60000.0,7.03,36000.0,7.04,31000.0,1170000
6.99,52200.0,6.98,69700.0,6.97,60100.0,6.96,66900.0,6.95,43500.0,7.0,18000.0,7.01,45900.0,7.02,60000.0,7.03,36000.0,7.04,31000.0,1173000
6.99,49800.0,6.98,69700.0,6.97,60100.0,6.96,66900.0,6.95,43500.0,7.0,17500.0,7.01,45900.0,7.02,60000.0,7.03,36000.0,7.04,31000.0,1176000
6.99,49800.0,6.98,69700.0,6.97,60100.0,6.96,66900.0,6.95,43500.0,7.0,18000.0,7.01,45900.0,7.02,60000.0,7.03,36000.0,7.04,31000.0,1185000
6.99,49800.0,6.98,69700.0,6.97,60100.0,6.96,66900.0,6.95,43500.0,7.0,17900.0,7.01,45900.0,7.02,60000.0,7.03,36000.0,7.04,31000.0,1188000
6.99,49700.0,6.98,69700.0,6.97,60100.0,6.96,66900.0,6.95,43500.0,7.0,27700.0,7.01,45900.0,7.02,60000.0,7.03,36000.0,7.04,31000.0,1191000
6.99,49700.0,6.98,69700.0,6.97,60100.0,6.96,66900.0,6.95,43500.0,7.0,27900.0,7.01,45900.0,7.02,55000.0,7.03,36000.0,7.04,31000.0,1200000
6.99,49700.0,6.98,69700.0,6.97,60100.0,6.96,66900.0,6.95,43500.0,7.0,28400.0,7.01,45900.0,7.02,55000.0,7.03,36000.0,7.04,31000.0,1203000
6.99,58000.0,6.98,69700.0,6.97,60100.0,6.96,66900.0,6.95,43500.0,7.0,33400.0,7.01,45900.0,7.02,55000.0,7.03,36000.0,7.04,31000.0,1206000
6.99,57800.0,6.98,69700.0,6.97,60100.0,6.96,66900.0,6.95,43500.0,7.0,33400.0,7.01,45900.0,7.02,55000.0,7.03,36000.0,7.04,31000.0,1209000
6.99,57800.0,6.98,69700.0,6.97,60100.0,6.96,66900.0,6.95,43500.0,7.0,33200.0,7.01,45900.0,7.02,55000.0,7.03,36000.0,7.04,31000.0,1212000
6.99,57600.0,6.98,69700.0,6.97,60100.0,6.96,66900.0,6.95,43500.0,7.0,33200.0,7.01,45900.0,7.02,55000.0,7.03,36000.0,7.04,31000.0,1215000
6.99,57400.0,6.98,71200.0,6.97,60100.0,6.96,66900.0,6.95,43500.0,7.0,33200.0,7.01,45900.0,7.02,55000.0,7.03,36000.0,7.04,31000.0,1218000
6.99,57200.0,6.98,71200.0,6.97,60100.0,6.96,66900.0,6.95,43500.0,7.0,33200.0,7.01,45900.0,7.02,55000.0,7.03,36000.0,7.04,31000.0,1221000
6.99,56600.0,6.98,71200.0,6.97,60100.0,6.96,66900.0,6.95,43500.0,7.0,33300.0,7.01,45900.0,7.02,55000.0,7.03,36000.0,7.04,31000.0,1224000
6.99,56200.0,6.98,71200.0,6.97,60100.0,6.96,66900.0,6.95,43500.0,7.0,33300.0,7.01,45900.0,7.02,55000.0,7.03,36000.0,7.04,31000.0,1227000
6.99,55800.0,6.98,71200.0,6.97,60100.0,6.96,66900.0,6.95,43500.0,7.0,33300.0,7.01,45900.0,7.02,55000.0,7.03,36000.0,7.04,31000.0,1242000
6.99,55800.0,6.98,71200.0,6.97,60100.0,6.96,66900.0,6.95,43500.0,7.0,33300.0,7.01,45900.0,7.02,55000.0,7.03,36000.0,7.04,31000.0,1260000
6.99,55700.0,6.98,71200.0,6.97,60100.0,6.96,66900.0,6.95,43500.0,7.0,33000.0,7.01,45900.0,7.02,55000.0,7.03,36000.0,7.04,31000.0,1263000
6.99,57200.0,6.98,71200.0,6.97,60100.0,6.96,66900.0,6.95,43500.0,7.0,33000.0,7.01,45900.0,7.02,55000.0,7.03,36000.0,7.04,31000.0,1266000
6.99,57200.0,6.98,71200.0,6.97,60100.0,6.96,66900.0,6.95,43500.0,7.0,33000.0,7.01,45900.0,7.02,55000.0,7.03,36000.0,7.04,31000.0,1269000
6.99,62200.0,6.98,71200.0,6.97,60100.0,6.96,66900.0,6.95,43500.0,7.0,33000.0,7.01,45900.0,7.02,55000.0,7.03,36000.0,7.04,36000.0,1272000
6.99,62200.0,6.98,71200.0,6.97,60100.0,6.96,66900.0,6.95,43500.0,7.0,32000.0,7.01,45900.0,7.02,55000.0,7.03,36000.0,7.04,36000.0,1275000
6.99,62000.0,6.98,71200.0,6.97,60100.0,6.96,66900.0,6.95,43500.0,7.0,35500.0,7.01,45900.0,7.02,55000.0,7.03,36000.0,7.04,36000.0,1278000
6.99,61600.0,6.98,71200.0,6.97,60100.0,6.96,66900.0,6.95,43500.0,7.0,36400.0,7.01,45900.0,7.02,55000.0,7.03,36000.0,7.04,36000.0,1281000
6.99,61500.0,6.98,71200.0,6.97,60100.0,6.96,66900.0,6.95,43500.0,7.0,36400.0,7.01,45900.0,7.02,55000.0,7.03,36000.0,7.04,36000.0,1284000
6.99,61500.0,6.98,71200.0,6.97,60100.0,6.96,66900.0,6.95,43500.0,7.0,36400.0,7.01,45900.0,7.02,55000.0,7.03,36000.0,7.04,36000.0,1290000
6.99,61200.0,6.98,71200.0,6.97,60100.0,6.96,66900.0,6.95,43500.0,7.0,36900.0,7.01,45900.0,7.02,55000.0,7.03,36000.0,7.04,36000.0,1293000
6.99,48600.0,6.98,71200.0,6.97,60100.0,6.96,66900.0,6.95,43500.0,7.0,36900.0,7.01,45900.0,7.02,55000.0,7.03,36000.0,7.04,36000.0,1299000
6.99,48200.0,6.98,71200.0,6.97,60100.0,6.96,66900.0,6.95,43500.0,7.0,37100.0,7.01,45900.0,7.02,55000.0,7.03,36000.0,7.04,36000.0,1302000
6.99,47800.0,6.98,71200.0,6.97,60100.0,6.96,66900.0,6.95,43500.0,7.0,37400.0,7.01,45900.0,7.02,55000.0,7.03,36000.0,7.04,36000.0,1305000
6.99,47700.0,6.98,71200.0,6.97,60100.0,6.96,66900.0,6.95,43500.0,7.0,37400.0,7.01,45900.0,7.02,55000.0,7.03,36000.0,7.04,36000.0,1308000
6.99,47200.0,6.98,71200.0,6.97,60100.0,6.96,66900.0,6.95,43500.0,7.0,37400.0,7.01,45900.0,7.02,55000.0,7.03,36000.0,7.04,36000.0,1320000
6.99,47500.0,6.98,71200.0,6.97,60100.0,6.96,66900.0,6.95,43500.0,7.0,37000.0,7.01,45900.0,7.02,55000.0,7.03,36000.0,7.04,36000.0,1323000
6.99,47500.0,6.98,71200.0,6.97,60100.0,6.96,66900.0,6.95,43500.0,7.0,66700.0,7.01,45900.0,7.02,55000.0,7.03,36000.0,7.04,36000.0,1326000
6.99,45200.0,6.98,71200.0,6.97,60100.0,6.96,66900.0,6.95,43500.0,7.0,67500.0,7.01,45900.0,7.02,55000.0,7.03,36000.0,7.04,36000.0,1329000
6.99,41000.0,6.98,71200.0,6.97,60100.0,6.96,66900.0,6.95,43500.0,7.0,69100.0,7.01,45900.0,7.02,55000.0,7.03,36000.0,7.04,36000.0,1332000
6.99,39800.0,6.98,71200.0,6.97,60100.0,6.96,66900.0,6.95,43500.0,7.0,67600.0,7.01,45900.0,7.02,55000.0,7.03,36000.0,7.04,36000.0,1335000
6.99,39800.0,6.98,71200.0,6.97,60100.0,6.96,66900.0,6.95,43500.0,7.0,67600.0,7.01,45900.0,7.02,55000.0,7.03,36000.0,7.04,36000.0,1338000
6.99,39800.0,6.98,71200.0,6.97,60100.0,6.96,66900.0,6.95,43500.0,7.0,67500.0,7.01,45900.0,7.02,55000.0,7.03,36000.0,7.04,36000.0,1341000
6.99,39400.0,6.98,71200.0,6.97,60100.0,6.96,66900.0,6.95,43500.0,7.0,67500.0,7.01,45900.0,7.02,55000.0,7.03,36000.0,7.04,36000.0,1344000
6.99,38600.0,6.98,71200.0,6.97,60100.0,6.96,66900.0,6.95,43500.0,7.0,67500.0,7.01,45900.0,7.02,55000.0,7.03,36000.0,7.04,36000.0,1347000
6.99,38300.0,6.98,71200.0,6.97,60100.0,6.96,66900.0,6.95,43500.0,7.0,67500.0,7.01,45900.0,7.02,55000.0,7.03,36000.0,7.04,36000.0,1350000
6.99,36500.0,6.98,72900.0,6.97,60100.0,6.96,66900.0,6.95,43500.0,7.0,67500.0,7.01,45900.0,7.02,55000.0,7.03,36000.0,7.04,36000.0,1353000
6.99,36100.0,6.98,72900.0,6.97,60100.0,6.96,66900.0,6.95,43500.0,7.0,67500.0,7.01,45900.0,7.02,55000.0,7.03,36000.0,7.04,36000.0,1356000
6.99,36100.0,6.98,72900.0,6.97,60100.0,6.96,66900.0,6.95,43500.0,7.0,70800.0,7.01,45900.0,7.02,55000.0,7.03,36000.0,7.04,36000.0,1362000
6.99,36100.0,6.98,75100.0,6.97,60100.0,6.96,66900.0,6.95,43500.0,7.0,70800.0,7.01,45900.0,7.02,55000.0,7.03,36000.0,7.04,36000.0,1365000
6.99,50000.0,6.98,75100.0,6.97,60100.0,6.96,66900.0,6.95,43500.0,7.0,70600.0,7.01,45900.0,7.02,55000.0,7.03,36000.0,7.04,36000.0,1368000
6.99,49800.0,6.98,75100.0,6.97,60100.0,6.96,66900.0,6.95,43500.0,7.0,70500.0,7.01,45900.0,7.02,55000.0,7.03,36000.0,7.04,36000.0,1371000
6.99,49700.0,6.98,75100.0,6.97,60100.0,6.96,66900.0,6.95,43500.0,7.0,70500.0,7.01,45900.0,7.02,55000.0,7.03,36000.0,7.04,36000.0,1374000
6.99,46200.0,6.98,75100.0,6.97,60100.0,6.96,66900.0,6.95,43500.0,7.0,70200.0,7.01,45900.0,7.02,55000.0,7.03,36000.0,7.04,36000.0,1377000
6.99,43100.0,6.98,75100.0,6.97,60100.0,6.96,66900.0,6.95,43500.0,7.0,70200.0,7.01,45900.0,7.02,55000.0,7.03,37000.0,7.04,36000.0,1380000
6.99,43200.0,6.98,75100.0,6.97,60100.0,6.96,66900.0,6.95,43500.0,7.0,70100.0,7.01,45900.0,7.02,55000.0,7.03,37000.0,7.04,36000.0,1383000
6.99,44700.0,6.98,75100.0,6.97,60100.0,6.96,66900.0,6.95,43500.0,7.0,70100.0,7.01,45900.0,7.02,55000.0,7.03,37000.0,7.04,36000.0,1389000
6.99,44600.0,6.98,75100.0,6.97,60100.0,6.96,66900.0,6.95,43500.0,7.0,70100.0,7.01,45900.0,7.02,55000.0,7.03,37000.0,7.04,36000.0,1392000
6.99,44500.0,6.98,75500.0,6.97,60100.0,6.96,66900.0,6.95,43500.0,7.0,71700.0,7.01,45900.0,7.02,55000.0,7.03,37000.0,7.04,36000.0,1395000
6.99,44500.0,6.98,75500.0,6.97,60100.0,6.96,66900.0,6.95,43500.0,7.0,66600.0,7.01,45900.0,7.02,55000.0,7.03,37000.0,7.04,36000.0,1398000
6.99,44900.0,6.98,75500.0,6.97,60100.0,6.96,66900.0,6.95,43500.0,7.0,66600.0,7.01,45900.0,7.02,55000.0,7.03,37000.0,7.04,36000.0,1401000
6.99,42400.0,6.98,75500.0,6.97,60100.0,6.96,66900.0,6.95,43500.0,7.0,66600.0,7.01,45900.0,7.02,55000.0,7.03,37000.0,7.04,36000.0,1404000
6.99,31300.0,6.98,75500.0,6.97,60100.0,6.96,66900.0,6.95,43500.0,7.0,69000.0,7.01,43500.0,7.02,55000.0,7.03,37000.0,7.04,36000.0,1416000
6.99,31000.0,6.98,75500.0,6.97,60100.0,6.96,66900.0,6.95,43500.0,7.0,68900.0,7.01,43500.0,7.02,55000.0,7.03,37000.0,7.04,41000.0,1419000
6.99,31000.0,6.98,75500.0,6.97,60100.0,6.96,66900.0,6.95,43500.0,7.0,67800.0,7.01,43500.0,7.02,55000.0,7.03,37000.0,7.04,41000.0,1425000
6.99,31000.0,6.98,75500.0,6.97,60100.0,6.96,66900.0,6.95,43500.0,7.0,67400.0,7.01,43500.0,7.02,55000.0,7.03,37000.0,7.04,41000.0,1428000
6.99,31000.0,6.98,75500.0,6.97,60100.0,6.96,66900.0,6.95,43500.0,7.0,67300.0,7.01,43500.0,7.02,55000.0,7.03,37000.0,7.04,41000.0,1431000
6.99,29000.0,6.98,75500.0,6.97,60100.0,6.96,66900.0,6.95,43500.0,7.0,67400.0,7.01,43500.0,7.02,55000.0,7.03,37000.0,7.04,41000.0,1434000
6.99,31300.0,6.98,75500.0,6.97,60100.0,6.96,66900.0,6.95,43500.0,7.0,67400.0,7.01,43500.0,7.02,55000.0,7.03,37000.0,7.04,41000.0,1443000
6.99,34700.0,6.98,75500.0,6.97,60100.0,6.96,66900.0,6.95,43500.0,7.0,67600.0,7.01,43500.0,7.02,55000.0,7.03,35500.0,7.04,41000.0,1446000
6.99,37800.0,6.98,75500.0,6.97,60100.0,6.96,66900.0,6.95,43500.0,7.0,67600.0,7.01,46600.0,7.02,55000.0,7.03,35500.0,7.04,41000.0,1449000
6.99,34700.0,6.98,75500.0,6.97,60100.0,6.96,66900.0,6.95,43500.0,7.0,75000.0,7.01,46600.0,7.02,55000.0,7.03,35500.0,7.04,41000.0,1452000
6.99,35000.0,6.98,75500.0,6.97,60100.0,6.96,66900.0,6.95,43500.0,7.0,75000.0,7.01,46600.0,7.02,55000.0,7.03,35500.0,7.04,41000.0,1461000
6.99,34400.0,6.98,75500.0,6.97,60100.0,6.96,66900.0,6.95,43500.0,7.0,75100.0,7.01,46600.0,7.02,55000.0,7.03,35500.0,7.04,41000.0,1467000
6.99,40300.0,6.98,75500.0,6.97,60100.0,6.96,66900.0,6.95,43500.0,7.0,66800.0,7.01,46600.0,7.02,55000.0,7.03,35500.0,7.04,41000.0,1470000
6.99,50500.0,6.98,75500.0,6.97,60100.0,6.96,66900.0,6.95,43500.0,7.0,66200.0,7.01,46600.0,7.02,55000.0,7.03,35500.0,7.04,41000.0,1473000
6.99,91000.0,6.98,73400.0,6.97,60100.0,6.96,66900.0,6.95,43500.0,7.0,1200.0,7.01,46600.0,7.02,55000.0,7.03,35500.0,7.04,41000.0,1476000
7.0,15500.0,6.99,88100.0,6.98,73000.0,6.97,60100.0,6.96,66900.0,7.01,42000.0,7.02,55000.0,7.03,35500.0,7.04,41000.0,7.05,22900.0,1479000
7.0,15700.0,6.99,88100.0,6.98,73000.0,6.97,60100.0,6.96,66900.0,7.01,41900.0,7.02,55000.0,7.03,35500.0,7.04,41000.0,7.05,22900.0,1482000
7.0,15800.0,6.99,88100.0,6.98,73000.0,6.97,60100.0,6.96,66900.0,7.01,52300.0,7.02,55000.0,7.03,35500.0,7.04,41000.0,7.05,22900.0,1485000
7.0,15700.0,6.99,88100.0,6.98,73000.0,6.97,60100.0,6.96,66900.0,7.01,66100.0,7.02,55000.0,7.03,35500.0,7.04,41000.0,7.05,22900.0,1488000
7.0,15600.0,6.99,88100.0,6.98,73000.0,6.97,60100.0,6.96,66900.0,7.01,66100.0,7.02,55000.0,7.03,35500.0,7.04,41000.0,7.05,22900.0,1491000
7.0,15600.0,6.99,92100.0,6.98,73000.0,6.97,60100.0,6.96,66900.0,7.01,66100.0,7.02,55000.0,7.03,35500.0,7.04,41000.0,7.05,22900.0,1494000
7.0,15800.0,6.99,91900.0,6.98,73000.0,6.97,60100.0,6.96,66900.0,7.01,58500.0,7.02,55000.0,7.03,35500.0,7.04,41000.0,7.05,22900.0,1503000
7.0,19600.0,6.99,90400.0,6.98,73000.0,6.97,60100.0,6.96,66900.0,7.01,58500.0,7.02,55000.0,7.03,35500.0,7.04,41000.0,7.05,22900.0,1506000
7.0,19600.0,6.99,90400.0,6.98,73000.0,6.97,60100.0,6.96,66900.0,7.01,58500.0,7.02,55000.0,7.03,35500.0,7.04,41000.0,7.05,22900.0,1509000
7.0,18400.0,6.99,90400.0,6.98,78000.0,6.97,60100.0,6.96,66900.0,7.01,58400.0,7.02,55000.0,7.03,35500.0,7.04,41000.0,7.05,30700.0,1512000
7.0,18200.0,6.99,90400.0,6.98,78000.0,6.97,60100.0,6.96,66900.0,7.01,58600.0,7.02,55000.0,7.03,35500.0,7.04,41000.0,7.05,30700.0,1515000
7.0,17400.0,6.99,90400.0,6.98,78000.0,6.97,60100.0,6.96,66900.0,7.01,58600.0,7.02,55000.0,7.03,35500.0,7.04,41000.0,7.05,30700.0,1521000
7.0,17200.0,6.99,90400.0,6.98,78000.0,6.97,60100.0,6.96,66900.0,7.01,58700.0,7.02,55000.0,7.03,35500.0,7.04,41000.0,7.05,30700.0,1524000
7.0,17200.0,6.99,90400.0,6.98,78000.0,6.97,60100.0,6.96,66900.0,7.01,59100.0,7.02,55000.0,7.03,35500.0,7.04,41000.0,7.05,30700.0,1533000
7.0,47200.0,6.99,90400.0,6.98,78000.0,6.97,60100.0,6.96,66900.0,7.01,59100.0,7.02,55000.0,7.03,35500.0,7.04,41000.0,7.05,30700.0,1536000
7.0,47200.0,6.99,90400.0,6.98,78000.0,6.97,60100.0,6.96,66900.0,7.01,59200.0,7.02,55000.0,7.03,35500.0,7.04,41000.0,7.05,30700.0,1539000
7.0,47200.0,6.99,90400.0,6.98,78000.0,6.97,60100.0,6.96,66900.0,7.01,60900.0,7.02,55000.0,7.03,35500.0,7.04,41000.0,7.05,30700.0,1542000
7.0,47000.0,6.99,90400.0,6.98,78000.0,6.97,60100.0,6.96,66900.0,7.01,60900.0,7.02,55000.0,7.03,35500.0,7.04,41000.0,7.05,30700.0,1545000
7.0,47000.0,6.99,90400.0,6.98,78000.0,6.97,60100.0,6.96,66900.0,7.01,60700.0,7.02,55000.0,7.03,35500.0,7.04,41000.0,7.05,30700.0,1548000
7.0,47100.0,6.99,90400.0,6.98,78000.0,6.97,60100.0,6.96,66900.0,7.01,60700.0,7.02,55000.0,7.03,35500.0,7.04,41000.0,7.05,30700.0,1551000
7.0,47100.0,6.99,90400.0,6.98,78000.0,6.97,60100.0,6.96,66900.0,7.01,63100.0,7.02,55000.0,7.03,35500.0,7.04,41000.0,7.05,30700.0,1557000
7.0,47100.0,6.99,80400.0,6.98,78000.0,6.97,60100.0,6.96,66900.0,7.01,63100.0,7.02,55000.0,7.03,35500.0,7.04,41000.0,7.05,30700.0,1563000
7.0,47200.0,6.99,80400.0,6.98,78000.0,6.97,60100.0,6.96,66900.0,7.01,63100.0,7.02,55000.0,7.03,35500.0,7.04,41000.0,7.05,30700.0,1566000
7.0,47200.0,6.99,80400.0,6.98,78500.0,6.97,60100.0,6.96,66900.0,7.01,63100.0,7.02,58200.0,7.03,35500.0,7.04,41000.0,7.05,30700.0,1569000
7.0,97200.0,6.99,80400.0,6.98,78500.0,6.97,60100.0,6.96,66900.0,7.01,63100.0,7.02,58200.0,7.03,35500.0,7.04,41000.0,7.05,30700.0,1575000
7.0,97100.0,6.99,80400.0,6.98,78500.0,6.97,60100.0,6.96,66900.0,7.01,63100.0,7.02,58200.0,7.03,35500.0,7.04,41000.0,7.05,30700.0,1578000
7.0,97100.0,6.99,80400.0,6.98,78500.0,6.97,60100.0,6.96,66900.0,7.01,63100.0,7.02,58200.0,7.03,35500.0,7.04,41000.0,7.05,30700.0,1581000
7.0,107100.0,6.99,80400.0,6.98,78500.0,6.97,60100.0,6.96,66900.0,7.01,63100.0,7.02,58200.0,7.03,35500.0,7.04,41000.0,7.05,30700.0,1584000
7.0,107000.0,6.99,80400.0,6.98,78500.0,6.97,60100.0,6.96,66900.0,7.01,53100.0,7.02,55000.0,7.03,35500.0,7.04,41000.0,7.05,30700.0,1587000
7.0,103200.0,6.99,80400.0,6.98,78500.0,6.97,60100.0,6.96,66900.0,7.01,53100.0,7.02,55000.0,7.03,35500.0,7.04,41000.0,7.05,30700.0,1590000
7.0,103200.0,6.99,75400.0,6.98,78500.0,6.97,60100.0,6.96,66900.0,7.01,53100.0,7.02,55000.0,7.03,35500.0,7.04,41000.0,7.05,30700.0,1602000
7.0,102600.0,6.99,75400.0,6.98,78500.0,6.97,60100.0,6.96,66900.0,7.01,53100.0,7.02,55000.0,7.03,35500.0,7.04,41000.0,7.05,30700.0,1605000
7.0,102600.0,6.99,75400.0,6.98,78500.0,6.97,60100.0,6.96,66900.0,7.01,29800.0,7.02,55000.0,7.03,36400.0,7.04,41000.0,7.05,30700.0,1608000
7.0,102400.0,6.99,75400.0,6.98,78500.0,6.97,60100.0,6.96,66900.0,7.01,28200.0,7.02,55000.0,7.03,36400.0,7.04,41000.0,7.05,30700.0,1611000
7.0,101200.0,6.99,75400.0,6.98,78500.0,6.97,60100.0,6.96,66900.0,7.01,21800.0,7.02,55000.0,7.03,36400.0,7.04,41000.0,7.05,30700.0,1617000
7.0,100900.0,6.99,75400.0,6.98,78500.0,6.97,60100.0,6.96,66900.0,7.01,21100.0,7.02,55000.0,7.03,36400.0,7.04,41000.0,7.05,30700.0,1620000
7.0,99200.0,6.99,75400.0,6.98,78500.0,6.97,60100.0,6.96,66900.0,7.01,21100.0,7.02,55000.0,7.03,36400.0,7.04,41000.0,7.05,30700.0,1629000
7.0,98500.0,6.99,75400.0,6.98,78500.0,6.97,60100.0,6.96,66900.0,7.01,20500.0,7.02,55000.0,7.03,36400.0,7.04,41000.0,7.05,30700.0,1632000
7.0,97900.0,6.99,75400.0,6.98,78500.0,6.97,60100.0,6.96,66900.0,7.01,20300.0,7.02,55000.0,7.03,36400.0,7.04,41000.0,7.05,30700.0,1635000
7.0,97900.0,6.99,75400.0,6.98,78500.0,6.97,60100.0,6.96,68300.0,7.01,20300.0,7.02,55000.0,7.03,36400.0,7.04,41000.0,7.05,30700.0,1644000
7.0,97900.0,6.99,75400.0,6.98,78500.0,6.97,60100.0,6.96,68300.0,7.01,20200.0,7.02,55000.0,7.03,36400.0,7.04,41000.0,7.05,30700.0,1647000
7.0,97900.0,6.99,75400.0,6.98,78500.0,6.97,60100.0,6.96,68300.0,7.01,20200.0,7.02,55000.0,7.03,36400.0,7.04,41000.0,7.05,30700.0,1650000
7.0,97900.0,6.99,75400.0,6.98,78500.0,6.97,60100.0,6.96,68300.0,7.01,20400.0,7.02,55000.0,7.03,36400.0,7.04,41000.0,7.05,30700.0,1665000
7.0,97000.0,6.99,75400.0,6.98,78500.0,6.97,60100.0,6.96,68300.0,7.01,20400.0,7.02,55000.0,7.03,36400.0,7.04,41000.0,7.05,30700.0,1668000
7.0,97000.0,6.99,75400.0,6.98,78500.0,6.97,60100.0,6.96,68300.0,7.01,20400.0,7.02,55000.0,7.03,36400.0,7.04,41000.0,7.05,30700.0,1677000
7.0,93700.0,6.99,75400.0,6.98,78500.0,6.97,60100.0,6.96,68300.0,7.01,21800.0,7.02,55000.0,7.03,36400.0,7.04,41000.0,7.05,30700.0,1683000
7.0,93700.0,6.99,75400.0,6.98,78500.0,6.97,60100.0,6.96,68300.0,7.01,22400.0,7.02,55000.0,7.03,36400.0,7.04,41000.0,7.05,30700.0,1686000
7.0,96900.0,6.99,47200.0,6.98,78500.0,6.97,60100.0,6.96,68300.0,7.01,15400.0,7.02,58100.0,7.03,36400.0,7.04,41000.0,7.05,30700.0,1689000
7.0,96900.0,6.99,47200.0,6.98,78500.0,6.97,60100.0,6.96,68300.0,7.01,15400.0,7.02,58100.0,7.03,36400.0,7.04,41000.0,7.05,31000.0,1704000
7.0,96900.0,6.99,47200.0,6.98,78500.0,6.97,60100.0,6.96,68300.0,7.01,15400.0,7.02,58100.0,7.03,36400.0,7.04,41000.0,7.05,31000.0,1710000
7.0,98500.0,6.99,47200.0,6.98,78500.0,6.97,60100.0,6.96,68300.0,7.01,15400.0,7.02,58100.0,7.03,36400.0,7.04,41000.0,7.05,31000.0,1713000
7.0,98500.0,6.99,45600.0,6.98,78500.0,6.97,60100.0,6.96,68300.0,7.01,15400.0,7.02,58100.0,7.03,36400.0,7.04,41000.0,7.05,31000.0,1719000
7.0,98100.0,6.99,45600.0,6.98,78500.0,6.97,60100.0,6.96,68300.0,7.01,15300.0,7.02,58100.0,7.03,36400.0,7.04,41000.0,7.05,31000.0,1722000
7.0,98000.0,6.99,45600.0,6.98,78500.0,6.97,60100.0,6.96,68300.0,7.01,15300.0,7.02,58100.0,7.03,36400.0,7.04,41000.0,7.05,31000.0,1728000
7.0,98000.0,6.99,45600.0,6.98,78500.0,6.97,60100.0,6.96,68300.0,7.01,30300.0,7.02,58100.0,7.03,36400.0,7.04,41000.0,7.05,31000.0,1734000
7.0,97800.0,6.99,45600.0,6.98,78500.0,6.97,60100.0,6.96,68300.0,7.01,30700.0,7.02,58100.0,7.03,36400.0,7.04,41000.0,7.05,31000.0,1737000
7.0,97900.0,6.99,45600.0,6.98,78500.0,6.97,60100.0,6.96,68300.0,7.01,30700.0,7.02,58100.0,7.03,36400.0,7.04,41000.0,7.05,31000.0,1746000
7.0,97900.0,6.99,45600.0,6.98,78500.0,6.97,60100.0,6.96,68300.0,7.01,31700.0,7.02,58100.0,7.03,36400.0,7.04,41000.0,7.05,31000.0,1752000
7.0,97500.0,6.99,45600.0,6.98,78500.0,6.97,60100.0,6.96,68300.0,7.01,31700.0,7.02,58100.0,7.03,36400.0,7.04,41000.0,7.05,31000.0,1764000
7.0,97500.0,6.99,46000.0,6.98,78500.0,6.97,60100.0,6.96,68300.0,7.01,31700.0,7.02,58100.0,7.03,36400.0,7.04,41000.0,7.05,31000.0,1767000
7.0,97500.0,6.99,46000.0,6.98,78500.0,6.97,60100.0,6.96,68300.0,7.01,31500.0,7.02,58100.0,7.03,36400.0,7.04,41000.0,7.05,31000.0,1773000
7.0,97400.0,6.99,46000.0,6.98,78500.0,6.97,60100.0,6.96,68300.0,7.01,31500.0,7.02,58100.0,7.03,36400.0,7.04,41000.0,7.05,31000.0,1776000
7.0,97400.0,6.99,46000.0,6.98,78500.0,6.97,60100.0,6.96,68300.0,7.01,31500.0,7.02,58100.0,7.03,36400.0,7.04,41000.0,7.05,31000.0,1779000
7.0,93400.0,6.99,46000.0,6.98,78500.0,6.97,60100.0,6.96,68300.0,7.01,51500.0,7.02,58100.0,7.03,36400.0,7.04,41000.0,7.05,31000.0,1785000
7.0,92000.0,6.99,46000.0,6.98,78500.0,6.97,60100.0,6.96,68300.0,7.01,58000.0,7.02,55000.0,7.03,36400.0,7.04,41000.0,7.05,31000.0,1788000
7.0,90600.0,6.99,46000.0,6.98,78500.0,6.97,60100.0,6.96,68300.0,7.01,59100.0,7.02,60000.0,7.03,36400.0,7.04,41000.0,7.05,31000.0,1791000
7.0,88200.0,6.99,46000.0,6.98,78500.0,6.97,60100.0,6.96,68300.0,7.01,58100.0,7.02,60000.0,7.03,36400.0,7.04,41000.0,7.05,31000.0,1794000
7.0,88200.0,6.99,46000.0,6.98,78500.0,6.97,60100.0,6.96,68300.0,7.01,58200.0,7.02,60000.0,7.03,36400.0,7.04,41000.0,7.05,31000.0,1797000
7.0,88182.0,6.99,46000.0,6.98,78500.0,6.97,60100.0,6.96,68300.0,7.01,58800.0,7.02,60000.0,7.03,36400.0,7.04,41000.0,7.05,31000.0,1803000
7.0,87982.0,6.99,46000.0,6.98,78500.0,6.97,60100.0,6.96,68300.0,7.01,58800.0,7.02,60000.0,7.03,36400.0,7.04,41000.0,7.05,31000.0,1806000
7.0,87682.0,6.99,46000.0,6.98,78500.0,6.97,60100.0,6.96,68300.0,7.01,58800.0,7.02,60000.0,7.03,36400.0,7.04,41000.0,7.05,31000.0,1809000
7.0,85682.0,6.99,46000.0,6.98,78500.0,6.97,60100.0,6.96,68300.0,7.01,73800.0,7.02,60000.0,7.03,36400.0,7.04,41000.0,7.05,31000.0,1818000
7.0,84082.0,6.99,46000.0,6.98,78500.0,6.97,60100.0,6.96,68300.0,7.01,73800.0,7.02,60000.0,7.03,36400.0,7.04,41000.0,7.05,31000.0,1821000
7.0,81282.0,6.99,46000.0,6.98,78500.0,6.97,60100.0,6.96,68300.0,7.01,73800.0,7.02,60000.0,7.03,36400.0,7.04,41000.0,7.05,31000.0,1824000
7.0,78082.0,6.99,46400.0,6.98,78500.0,6.97,60100.0,6.96,68300.0,7.01,74800.0,7.02,60000.0,7.03,36400.0,7.04,41000.0,7.05,31000.0,1827000
7.0,74082.0,6.99,46400.0,6.98,78500.0,6.97,60100.0,6.96,68300.0,7.01,74200.0,7.02,60000.0,7.03,36400.0,7.04,41000.0,7.05,31000.0,1830000
7.0,73282.0,6.99,46400.0,6.98,78500.0,6.97,60100.0,6.96,68300.0,7.01,74200.0,7.02,60000.0,7.03,36400.0,7.04,41000.0,7.05,31000.0,1833000
7.0,73282.0,6.99,46400.0,6.98,78500.0,6.97,60100.0,6.96,68300.0,7.01,74400.0,7.02,60000.0,7.03,36400.0,7.04,41000.0,7.05,31000.0,1854000
7.0,73082.0,6.99,46400.0,6.98,78500.0,6.97,60100.0,6.96,68300.0,7.01,74400.0,7.02,60000.0,7.03,36400.0,7.04,41000.0,7.05,31000.0,1860000
7.0,72982.0,6.99,46400.0,6.98,78500.0,6.97,60100.0,6.96,68300.0,7.01,74400.0,7.02,60000.0,7.03,36400.0,7.04,41000.0,7.05,31000.0,1863000
7.0,72882.0,6.99,46400.0,6.98,78500.0,6.97,60100.0,6.96,68300.0,7.01,74400.0,7.02,60000.0,7.03,36400.0,7.04,41000.0,7.05,31000.0,1866000
7.0,72482.0,6.99,46400.0,6.98,78500.0,6.97,60100.0,6.96,68300.0,7.01,74400.0,7.02,60000.0,7.03,36400.0,7.04,41000.0,7.05,31000.0,1869000
7.0,72282.0,6.99,46400.0,6.98,78500.0,6.97,60100.0,6.96,68300.0,7.01,74400.0,7.02,65000.0,7.03,36400.0,7.04,41000.0,7.05,31000.0,1872000
7.0,72082.0,6.99,46400.0,6.98,78500.0,6.97,60100.0,6.96,68300.0,7.01,74400.0,7.02,65000.0,7.03,36400.0,7.04,41000.0,7.05,31000.0,1875000
7.0,72082.0,6.99,46400.0,6.98,78500.0,6.97,60100.0,6.96,68300.0,7.01,75000.0,7.02,65000.0,7.03,36400.0,7.04,41000.0,7.05,31000.0,1878000
7.0,71882.0,6.99,46400.0,6.98,78500.0,6.97,60100.0,6.96,68300.0,7.01,76000.0,7.02,68300.0,7.03,36400.0,7.04,41000.0,7.05,31000.0,1881000
7.0,70382.0,6.99,46400.0,6.98,78500.0,6.97,60100.0,6.96,68300.0,7.01,76000.0,7.02,68300.0,7.03,36400.0,7.04,41000.0,7.05,31000.0,1887000
7.0,72282.0,6.99,46400.0,6.98,78500.0,6.97,60100.0,6.96,68300.0,7.01,76000.0,7.02,68300.0,7.03,36400.0,7.04,41000.0,7.05,31000.0,1890000
7.0,69082.0,6.99,46400.0,6.98,78500.0,6.97,60100.0,6.96,68300.0,7.01,76000.0,7.02,65000.0,7.03,36400.0,7.04,41000.0,7.05,31000.0,1893000
7.0,69082.0,6.99,46400.0,6.98,80500.0,6.97,60100.0,6.96,68300.0,7.01,76000.0,7.02,65000.0,7.03,36400.0,7.04,41000.0,7.05,31000.0,1896000
7.0,68982.0,6.99,46400.0,6.98,80500.0,6.97,60100.0,6.96,68300.0,7.01,75900.0,7.02,65000.0,7.03,36400.0,7.04,41000.0,7.05,31000.0,1908000
7.0,69182.0,6.99,46400.0,6.98,80500.0,6.97,60100.0,6.96,68300.0,7.01,75900.0,7.02,65000.0,7.03,36400.0,7.04,41000.0,7.05,31000.0,1911000
7.0,69182.0,6.99,46400.0,6.98,80500.0,6.97,60100.0,6.96,68300.0,7.01,75800.0,7.02,65000.0,7.03,36400.0,7.04,41000.0,7.05,31000.0,1914000
7.0,69182.0,6.99,48400.0,6.98,80500.0,6.97,60100.0,6.96,68300.0,7.01,73700.0,7.02,65000.0,7.03,36400.0,7.04,41000.0,7.05,31000.0,1917000
7.0,73082.0,6.99,48400.0,6.98,80500.0,6.97,60100.0,6.96,68300.0,7.01,73600.0,7.02,65000.0,7.03,36400.0,7.04,41000.0,7.05,31000.0,1920000
7.0,74182.0,6.99,48400.0,6.98,80500.0,6.97,60100.0,6.96,68300.0,7.01,73600.0,7.02,65000.0,7.03,36400.0,7.04,41000.0,7.05,31000.0,1923000
7.0,73982.0,6.99,53400.0,6.98,80500.0,6.97,60100.0,6.96,68300.0,7.01,73400.0,7.02,65000.0,7.03,36400.0,7.04,41000.0,7.05,31000.0,1926000
7.0,73982.0,6.99,53400.0,6.98,80500.0,6.97,60100.0,6.96,68300.0,7.01,73400.0,7.02,68100.0,7.03,36400.0,7.04,41000.0,7.05,31000.0,1929000
7.0,73982.0,6.99,53400.0,6.98,80500.0,6.97,60100.0,6.96,68300.0,7.01,73600.0,7.02,68100.0,7.03,36400.0,7.04,41000.0,7.05,31000.0,1947000
7.0,70082.0,6.99,53400.0,6.98,80500.0,6.97,60100.0,6.96,68300.0,7.01,75500.0,7.02,68100.0,7.03,36400.0,7.04,41000.0,7.05,31000.0,1950000
7.0,70082.0,6.99,53400.0,6.98,80500.0,6.97,60100.0,6.96,68300.0,7.01,75500.0,7.02,68100.0,7.03,36400.0,7.04,41000.0,7.05,31000.0,1953000
7.0,69782.0,6.99,53400.0,6.98,80500.0,6.97,60100.0,6.96,68300.0,7.01,75500.0,7.02,68100.0,7.03,36400.0,7.04,41000.0,7.05,31000.0,1956000
7.0,69782.0,6.99,53400.0,6.98,80500.0,6.97,60100.0,6.96,68300.0,7.01,79300.0,7.02,65000.0,7.03,36400.0,7.04,41000.0,7.05,31000.0,1959000
7.0,69782.0,6.99,53400.0,6.98,80500.0,6.97,60100.0,6.96,68300.0,7.01,79100.0,7.02,65000.0,7.03,36400.0,7.04,41000.0,7.05,31000.0,1965000
7.0,69582.0,6.99,53400.0,6.98,80500.0,6.97,60100.0,6.96,68300.0,7.01,78900.0,7.02,65000.0,7.03,36400.0,7.04,41000.0,7.05,31000.0,1968000
7.0,69682.0,6.99,53400.0,6.98,80500.0,6.97,60100.0,6.96,68300.0,7.01,78900.0,7.02,65000.0,7.03,36400.0,7.04,41000.0,7.05,31000.0,1971000
7.0,119682.0,6.99,53400.0,6.98,80500.0,6.97,60100.0,6.96,68300.0,7.01,75000.0,7.02,65000.0,7.03,36400.0,7.04,41000.0,7.05,31000.0,1986000
7.0,119682.0,6.99,53000.0,6.98,80500.0,6.97,60100.0,6.96,68300.0,7.01,75000.0,7.02,65000.0,7.03,36400.0,7.04,41000.0,7.05,31000.0,1989000
7.0,120382.0,6.99,53000.0,6.98,80500.0,6.97,60100.0,6.96,68300.0,7.01,75000.0,7.02,65000.0,7.03,36400.0,7.04,41000.0,7.05,31000.0,1992000
7.0,118382.0,6.99,53000.0,6.98,80500.0,6.97,60100.0,6.96,68300.0,7.01,70900.0,7.02,65000.0,7.03,36400.0,7.04,41000.0,7.05,31000.0,1995000
7.0,118382.0,6.99,53000.0,6.98,80500.0,6.97,60100.0,6.96,68300.0,7.01,71500.0,7.02,65000.0,7.03,36400.0,7.04,41000.0,7.05,31000.0,1998000
7.0,118382.0,6.99,53000.0,6.98,80500.0,6.97,60100.0,6.96,66900.0,7.01,71500.0,7.02,65000.0,7.03,36400.0,7.04,41000.0,7.05,31000.0,2004000
7.0,104182.0,6.99,43000.0,6.98,80500.0,6.97,60100.0,6.96,66900.0,7.01,71500.0,7.02,65000.0,7.03,36400.0,7.04,41000.0,7.05,31000.0,2013000
7.0,104082.0,6.99,43000.0,6.98,80500.0,6.97,60100.0,6.96,66900.0,7.01,69600.0,7.02,65000.0,7.03,36400.0,7.04,41000.0,7.05,31000.0,2019000
7.0,104082.0,6.99,43000.0,6.98,79200.0,6.97,60100.0,6.96,66900.0,7.01,69600.0,7.02,65000.0,7.03,36400.0,7.04,41000.0,7.05,31000.0,2028000
7.0,103982.0,6.99,43000.0,6.98,79200.0,6.97,60100.0,6.96,66900.0,7.01,69600.0,7.02,65000.0,7.03,36400.0,7.04,41000.0,7.05,31000.0,2034000
7.0,105282.0,6.99,43000.0,6.98,79200.0,6.97,60100.0,6.96,66900.0,7.01,69600.0,7.02,65000.0,7.03,36400.0,7.04,41000.0,7.05,31000.0,2043000
7.0,105282.0,6.99,43000.0,6.98,79200.0,6.97,60100.0,6.96,66900.0,7.01,69600.0,7.02,68400.0,7.03,36400.0,7.04,41000.0,7.05,31000.0,2046000
7.0,105282.0,6.99,43000.0,6.98,79200.0,6.97,60100.0,6.96,66900.0,7.01,69600.0,7.02,68400.0,7.03,36400.0,7.04,41000.0,7.05,31000.0,2049000
7.0,105182.0,6.99,43000.0,6.98,79200.0,6.97,60100.0,6.96,66900.0,7.01,69500.0,7.02,68400.0,7.03,36400.0,7.04,41000.0,7.05,31000.0,2058000
7.0,105382.0,6.99,43000.0,6.98,79200.0,6.97,60100.0,6.96,66900.0,7.01,69500.0,7.02,68400.0,7.03,36400.0,7.04,41000.0,7.05,31000.0,2061000
7.0,105382.0,6.99,43000.0,6.98,79200.0,6.97,60100.0,6.96,66900.0,7.01,70000.0,7.02,68400.0,7.03,36400.0,7.04,41000.0,7.05,31000.0,2070000
7.0,104782.0,6.99,43000.0,6.98,79200.0,6.97,60100.0,6.96,66900.0,7.01,70000.0,7.02,68400.0,7.03,36400.0,7.04,41000.0,7.05,31000.0,2073000
7.0,103782.0,6.99,43000.0,6.98,79200.0,6.97,60100.0,6.96,66900.0,7.01,70000.0,7.02,68400.0,7.03,36400.0,7.04,41000.0,7.05,31000.0,2076000
7.0,104782.0,6.99,43000.0,6.98,79200.0,6.97,60100.0,6.96,66900.0,7.01,70000.0,7.02,68400.0,7.03,36400.0,7.04,41000.0,7.05,31000.0,2079000
7.0,112882.0,6.99,43000.0,6.98,79200.0,6.97,60100.0,6.96,66900.0,7.01,69800.0,7.02,68400.0,7.03,36400.0,7.04,41000.0,7.05,31000.0,2088000
7.0,104182.0,6.99,43000.0,6.98,79200.0,6.97,60100.0,6.96,66900.0,7.01,69800.0,7.02,68400.0,7.03,36400.0,7.04,41000.0,7.05,31000.0,2094000
7.0,104182.0,6.99,43000.0,6.98,79200.0,6.97,60100.0,6.96,66900.0,7.01,70000.0,7.02,68400.0,7.03,36400.0,7.04,41000.0,7.05,31000.0,2097000
7.0,104182.0,6.99,43000.0,6.98,79200.0,6.97,60100.0,6.96,66900.0,7.01,70000.0,7.02,71500.0,7.03,36400.0,7.04,41000.0,7.05,31000.0,2100000
7.0,104082.0,6.99,43000.0,6.98,79200.0,6.97,60100.0,6.96,66900.0,7.01,70000.0,7.02,71500.0,7.03,36400.0,7.04,41000.0,7.05,31000.0,2103000
7.0,108982.0,6.99,42600.0,6.98,79200.0,6.97,60100.0,6.96,66900.0,7.01,70000.0,7.02,71500.0,7.03,36400.0,7.04,41000.0,7.05,31000.0,2106000
7.0,108382.0,6.99,42600.0,6.98,79200.0,6.97,60100.0,6.96,66900.0,7.01,70000.0,7.02,71500.0,7.03,36400.0,7.04,41000.0,7.05,31000.0,2112000
7.0,108282.0,6.99,42600.0,6.98,79200.0,6.97,60100.0,6.96,66900.0,7.01,70000.0,7.02,71500.0,7.03,36400.0,7.04,41000.0,7.05,31000.0,2115000
7.0,107982.0,6.99,37600.0,6.98,79200.0,6.97,60100.0,6.96,66900.0,7.01,73400.0,7.02,68400.0,7.03,36400.0,7.04,41000.0,7.05,31000.0,2118000
7.0,108082.0,6.99,37600.0,6.98,79200.0,6.97,60100.0,6.96,66900.0,7.01,73500.0,7.02,68400.0,7.03,36400.0,7.04,41000.0,7.05,31000.0,2121000
7.0,108082.0,6.99,37600.0,6.98,79200.0,6.97,60100.0,6.96,66900.0,7.01,74100.0,7.02,68400.0,7.03,36400.0,7.04,41000.0,7.05,31000.0,2136000
7.0,103082.0,6.99,37600.0,6.98,79200.0,6.97,60100.0,6.96,66900.0,7.01,74100.0,7.02,68400.0,7.03,36400.0,7.04,41000.0,7.05,31000.0,2142000
7.0,102982.0,6.99,37600.0,6.98,79200.0,6.97,60100.0,6.96,66900.0,7.01,74100.0,7.02,68400.0,7.03,36400.0,7.04,41000.0,7.05,31000.0,2145000
7.0,102282.0,6.99,37600.0,6.98,79200.0,6.97,60100.0,6.96,66900.0,7.01,74100.0,7.02,68400.0,7.03,36400.0,7.04,41000.0,7.05,31000.0,2148000
7.0,101782.0,6.99,37600.0,6.98,79200.0,6.97,60100.0,6.96,66900.0,7.01,74100.0,7.02,68400.0,7.03,36400.0,7.04,41000.0,7.05,31000.0,2154000
7.0,101182.0,6.99,37600.0,6.98,79200.0,6.97,60100.0,6.96,66900.0,7.01,74100.0,7.02,68400.0,7.03,36400.0,7.04,41000.0,7.05,31000.0,2157000
7.0,100682.0,6.99,37600.0,6.98,79200.0,6.97,60100.0,6.96,66900.0,7.01,74100.0,7.02,68400.0,7.03,36400.0,7.04,41000.0,7.05,31000.0,2160000
7.0,99282.0,6.99,37600.0,6.98,79200.0,6.97,60100.0,6.96,66900.0,7.01,74100.0,7.02,68400.0,7.03,36400.0,7.04,41000.0,7.05,31000.0,2163000
7.0,99582.0,6.99,37600.0,6.98,79200.0,6.97,60100.0,6.96,66900.0,7.01,90800.0,7.02,68400.0,7.03,36400.0,7.04,41000.0,7.05,31000.0,2166000
7.0,99382.0,6.99,37600.0,6.98,79200.0,6.97,60100.0,6.96,66900.0,7.01,90800.0,7.02,68400.0,7.03,36400.0,7.04,41000.0,7.05,31000.0,2169000
7.0,99182.0,6.99,37600.0,6.98,79200.0,6.97,60100.0,6.96,66900.0,7.01,90800.0,7.02,68400.0,7.03,36400.0,7.04,41000.0,7.05,31000.0,2172000
7.0,98682.0,6.99,37600.0,6.98,79200.0,6.97,60100.0,6.96,66900.0,7.01,90800.0,7.02,68400.0,7.03,36400.0,7.04,41000.0,7.05,31000.0,2178000
7.0,98482.0,6.99,37600.0,6.98,79200.0,6.97,60100.0,6.96,66900.0,7.01,90800.0,7.02,68400.0,7.03,36400.0,7.04,41000.0,7.05,31000.0,2181000
7.0,98282.0,6.99,37600.0,6.98,79200.0,6.97,60100.0,6.96,66900.0,7.01,90800.0,7.02,68400.0,7.03,36400.0,7.04,41000.0,7.05,31000.0,2184000
7.0,98082.0,6.99,37600.0,6.98,79200.0,6.97,60100.0,6.96,66900.0,7.01,90800.0,7.02,68400.0,7.03,36400.0,7.04,41000.0,7.05,31000.0,2187000
7.0,98082.0,6.99,37600.0,6.98,79200.0,6.97,60100.0,6.96,66900.0,7.01,90300.0,7.02,68400.0,7.03,36400.0,7.04,41000.0,7.05,31000.0,2190000
7.0,97682.0,6.99,37600.0,6.98,79200.0,6.97,60100.0,6.96,66900.0,7.01,90300.0,7.02,68400.0,7.03,36400.0,7.04,41000.0,7.05,31000.0,2193000
7.0,102282.0,6.99,37600.0,6.98,77200.0,6.97,60100.0,6.96,66900.0,7.01,82800.0,7.02,68400.0,7.03,36400.0,7.04,41000.0,7.05,31000.0,2196000
7.0,102482.0,6.99,37600.0,6.98,77200.0,6.97,60100.0,6.96,66900.0,7.01,82600.0,7.02,68400.0,7.03,36400.0,7.04,41000.0,7.05,31000.0,2199000
7.0,102582.0,6.99,37600.0,6.98,77200.0,6.97,60100.0,6.96,66900.0,7.01,82600.0,7.02,68400.0,7.03,36400.0,7.04,41000.0,7.05,31000.0,2202000
7.0,102582.0,6.99,37600.0,6.98,77200.0,6.97,60100.0,6.96,66900.0,7.01,82100.0,7.02,68400.0,7.03,36400.0,7.04,41000.0,7.05,31000.0,2211000
7.0,102582.0,6.99,37600.0,6.98,77200.0,6.97,60100.0,6.96,66900.0,7.01,82000.0,7.02,68400.0,7.03,36400.0,7.04,41000.0,7.05,31000.0,2223000
7.0,100682.0,6.99,37600.0,6.98,77200.0,6.97,60100.0,6.96,66900.0,7.01,82100.0,7.02,68400.0,7.03,36400.0,7.04,41000.0,7.05,31000.0,2226000
7.0,100182.0,6.99,37600.0,6.98,77200.0,6.97,60100.0,6.96,66900.0,7.01,82100.0,7.02,68400.0,7.03,36400.0,7.04,41000.0,7.05,31000.0,2235000
7.0,100682.0,6.99,37600.0,6.98,77200.0,6.97,60100.0,6.96,66900.0,7.01,82100.0,7.02,68400.0,7.03,36400.0,7.04,41000.0,7.05,31000.0,2247000
7.0,101282.0,6.99,37600.0,6.98,77200.0,6.97,60100.0,6.96,66900.0,7.01,82100.0,7.02,68400.0,7.03,36400.0,7.04,41000.0,7.05,31000.0,2250000
7.0,101382.0,6.99,37600.0,6.98,77200.0,6.97,60100.0,6.96,66900.0,7.01,82100.0,7.02,68400.0,7.03,36400.0,7.04,41000.0,7.05,31000.0,2253000
7.0,101482.0,6.99,37600.0,6.98,77200.0,6.97,60100.0,6.96,66900.0,7.01,82100.0,7.02,68400.0,7.03,36400.0,7.04,41000.0,7.05,31000.0,2256000
7.0,101482.0,6.99,37600.0,6.98,77200.0,6.97,60100.0,6.96,66900.0,7.01,82100.0,7.02,66500.0,7.03,36400.0,7.04,41000.0,7.05,31000.0,2259000
7.0,100782.0,6.99,37600.0,6.98,77200.0,6.97,60100.0,6.96,66900.0,7.01,82100.0,7.02,66500.0,7.03,36400.0,7.04,41000.0,7.05,31000.0,2262000
7.0,100782.0,6.99,37600.0,6.98,77200.0,6.97,60100.0,6.96,66900.0,7.01,82000.0,7.02,66500.0,7.03,36400.0,7.04,41000.0,7.05,31000.0,2271000
7.0,100582.0,6.99,37600.0,6.98,77200.0,6.97,60100.0,6.96,66900.0,7.01,82000.0,7.02,66500.0,7.03,36400.0,7.04,41000.0,7.05,31000.0,2274000
7.0,99882.0,6.99,37600.0,6.98,77200.0,6.97,60100.0,6.96,66900.0,7.01,81100.0,7.02,66500.0,7.03,36400.0,7.04,41000.0,7.05,31000.0,2277000
7.0,96282.0,6.99,37600.0,6.98,77200.0,6.97,60100.0,6.96,66900.0,7.01,81100.0,7.02,63400.0,7.03,36400.0,7.04,41000.0,7.05,31000.0,2280000
7.0,92482.0,6.99,37600.0,6.98,77200.0,6.97,60100.0,6.96,66900.0,7.01,81100.0,7.02,63400.0,7.03,36400.0,7.04,41000.0,7.05,31000.0,2283000
7.0,92382.0,6.99,37600.0,6.98,77200.0,6.97,60100.0,6.96,66900.0,7.01,81100.0,7.02,63400.0,7.03,36400.0,7.04,41000.0,7.05,31000.0,2286000
7.0,96882.0,6.99,37600.0,6.98,77200.0,6.97,60100.0,6.96,66900.0,7.01,81200.0,7.02,63400.0,7.03,36400.0,7.04,41000.0,7.05,31000.0,2289000
7.0,96482.0,6.99,37600.0,6.98,77200.0,6.97,60100.0,6.96,66900.0,7.01,65600.0,7.02,63400.0,7.03,36400.0,7.04,41000.0,7.05,31000.0,2292000
7.0,96882.0,6.99,37600.0,6.98,77200.0,6.97,60100.0,6.96,66900.0,7.01,65600.0,7.02,63400.0,7.03,36400.0,7.04,41000.0,7.05,87400.0,2295000
7.0,96882.0,6.99,37600.0,6.98,77200.0,6.97,60100.0,6.96,66900.0,7.01,65500.0,7.02,63400.0,7.03,36400.0,7.04,41000.0,7.05,87400.0,2298000
7.0,96882.0,6.99,37600.0,6.98,77200.0,6.97,60100.0,6.96,66900.0,7.01,65600.0,7.02,63400.0,7.03,36400.0,7.04,41000.0,7.05,87400.0,2301000
7.0,96882.0,6.99,37600.0,6.98,77200.0,6.97,60100.0,6.96,66900.0,7.01,65600.0,7.02,63400.0,7.03,36400.0,7.04,41000.0,7.05,87400.0,2304000
7.0,96682.0,6.99,37600.0,6.98,77200.0,6.97,60100.0,6.96,66900.0,7.01,65600.0,7.02,63400.0,7.03,36400.0,7.04,41000.0,7.05,87400.0,2316000
7.0,96682.0,6.99,37600.0,6.98,77200.0,6.97,60100.0,6.96,66900.0,7.01,65500.0,7.02,63400.0,7.03,36400.0,7.04,41000.0,7.05,87400.0,2319000
7.0,96582.0,6.99,37600.0,6.98,77200.0,6.97,60100.0,6.96,66900.0,7.01,65500.0,7.02,63400.0,7.03,36400.0,7.04,41000.0,7.05,87400.0,2325000
7.0,96482.0,6.99,37600.0,6.98,77200.0,6.97,60100.0,6.96,66900.0,7.01,65300.0,7.02,63400.0,7.03,36400.0,7.04,41000.0,7.05,87400.0,2328000
7.0,96482.0,6.99,37600.0,6.98,77200.0,6.97,60100.0,6.96,66900.0,7.01,65300.0,7.02,63400.0,7.03,36400.0,7.04,41000.0,7.05,87400.0,2331000
7.0,96482.0,6.99,37600.0,6.98,77200.0,6.97,60100.0,6.96,66900.0,7.01,65700.0,7.02,63400.0,7.03,36400.0,7.04,41000.0,7.05,87400.0,2334000
7.0,96082.0,6.99,37600.0,6.98,77200.0,6.97,60100.0,6.96,66900.0,7.01,65800.0,7.02,63400.0,7.03,36400.0,7.04,41000.0,7.05,87400.0,2340000
7.0,96582.0,6.99,37600.0,6.98,77200.0,6.97,60100.0,6.96,66900.0,7.01,65800.0,7.02,63400.0,7.03,36400.0,7.04,41000.0,7.05,87400.0,2349000
7.0,95482.0,6.99,37600.0,6.98,77200.0,6.97,60100.0,6.96,66900.0,7.01,65400.0,7.02,63400.0,7.03,36400.0,7.04,41000.0,7.05,87400.0,2355000
7.0,105482.0,6.99,37600.0,6.98,77200.0,6.97,60100.0,6.96,66900.0,7.01,65400.0,7.02,63400.0,7.03,36400.0,7.04,41000.0,7.05,87400.0,2358000
7.0,105482.0,6.99,37600.0,6.98,77200.0,6.97,60100.0,6.96,61900.0,7.01,65300.0,7.02,63400.0,7.03,36400.0,7.04,41000.0,7.05,87400.0,2361000
7.0,104882.0,6.99,37600.0,6.98,77200.0,6.97,60100.0,6.96,61900.0,7.01,65300.0,7.02,63400.0,7.03,36400.0,7.04,41000.0,7.05,87400.0,2370000
7.0,104782.0,6.99,37600.0,6.98,77200.0,6.97,60100.0,6.96,61900.0,7.01,65100.0,7.02,63400.0,7.03,36400.0,7.04,41000.0,7.05,87400.0,2373000
7.0,104382.0,6.99,37600.0,6.98,77200.0,6.97,60100.0,6.96,61900.0,7.01,65100.0,7.02,63400.0,7.03,36400.0,7.04,41000.0,7.05,87400.0,2376000
7.0,104482.0,6.99,37600.0,6.98,77200.0,6.97,60100.0,6.96,61900.0,7.01,65100.0,7.02,63400.0,7.03,36400.0,7.04,41000.0,7.05,87400.0,2379000
7.0,104482.0,6.99,37600.0,6.98,78000.0,6.97,60100.0,6.96,61900.0,7.01,65100.0,7.02,63400.0,7.03,36400.0,7.04,41000.0,7.05,87400.0,2385000
7.0,104282.0,6.99,37600.0,6.98,78000.0,6.97,60100.0,6.96,61900.0,7.01,65100.0,7.02,63400.0,7.03,36400.0,7.04,41000.0,7.05,87400.0,2388000
7.0,103782.0,6.99,37600.0,6.98,78000.0,6.97,60100.0,6.96,61900.0,7.01,65000.0,7.02,63400.0,7.03,36400.0,7.04,41000.0,7.05,87400.0,2391000
7.0,103782.0,6.99,37600.0,6.98,78000.0,6.97,60100.0,6.96,61900.0,7.01,70000.0,7.02,63400.0,7.03,36400.0,7.04,41000.0,7.05,87400.0,2394000
7.0,124382.0,6.99,37600.0,6.98,78000.0,6.97,60100.0,6.96,61900.0,7.01,70000.0,7.02,63400.0,7.03,36400.0,7.04,41000.0,7.05,87400.0,2397000
7.0,123382.0,6.99,37600.0,6.98,78000.0,6.97,60100.0,6.96,61900.0,7.01,70000.0,7.02,63400.0,7.03,36400.0,7.04,41000.0,7.05,87400.0,2406000
7.0,120582.0,6.99,37600.0,6.98,78000.0,6.97,60100.0,6.96,61900.0,7.01,100000.0,7.02,63400.0,7.03,36400.0,7.04,41000.0,7.05,87400.0,2415000
7.0,119682.0,6.99,37600.0,6.98,78000.0,6.97,60100.0,6.96,61900.0,7.01,99900.0,7.02,63400.0,7.03,36400.0,7.04,41000.0,7.05,87400.0,2424000
7.0,119682.0,6.99,37600.0,6.98,78000.0,6.97,60100.0,6.96,61900.0,7.01,100100.0,7.02,63400.0,7.03,36400.0,7.04,41000.0,7.05,87400.0,2427000
7.0,116182.0,6.99,37600.0,6.98,78000.0,6.97,60100.0,6.96,61900.0,7.01,100300.0,7.02,63400.0,7.03,36400.0,7.04,41000.0,7.05,87400.0,2430000
7.0,115182.0,6.99,37600.0,6.98,78000.0,6.97,60100.0,6.96,61900.0,7.01,100200.0,7.02,63400.0,7.03,36400.0,7.04,41000.0,7.05,87400.0,2433000
7.0,115182.0,6.99,37600.0,6.98,78000.0,6.97,60100.0,6.96,61900.0,7.01,100200.0,7.02,63400.0,7.03,36400.0,7.04,41000.0,7.05,87400.0,2436000
7.0,115182.0,6.99,37600.0,6.98,78000.0,6.97,60100.0,6.96,61900.0,7.01,103200.0,7.02,63400.0,7.03,36400.0,7.04,41000.0,7.05,87400.0,2442000
7.0,114982.0,6.99,37600.0,6.98,78000.0,6.97,60100.0,6.96,61900.0,7.01,103000.0,7.02,63400.0,7.03,36400.0,7.04,41000.0,7.05,87400.0,2466000
7.0,114882.0,6.99,37600.0,6.98,78000.0,6.97,60100.0,6.96,61900.0,7.01,103100.0,7.02,63400.0,7.03,36400.0,7.04,41000.0,7.05,87400.0,2469000
7.0,114482.0,6.99,37600.0,6.98,78000.0,6.97,60100.0,6.96,61900.0,7.01,103100.0,7.02,63400.0,7.03,36400.0,7.04,41000.0,7.05,87400.0,2472000
7.0,105982.0,6.99,37600.0,6.98,78000.0,6.97,60100.0,6.96,61900.0,7.01,103100.0,7.02,63400.0,7.03,36400.0,7.04,41000.0,7.05,87400.0,2478000
7.0,104082.0,6.99,37600.0,6.98,78000.0,6.97,60100.0,6.96,61900.0,7.01,103100.0,7.02,63400.0,7.03,36400.0,7.04,41000.0,7.05,87400.0,2481000
7.0,103982.0,6.99,37600.0,6.98,78000.0,6.97,60100.0,6.96,61900.0,7.01,103100.0,7.02,63400.0,7.03,36400.0,7.04,41000.0,7.05,87400.0,2484000
7.0,103482.0,6.99,37600.0,6.98,78000.0,6.97,60100.0,6.96,61900.0,7.01,103100.0,7.02,63400.0,7.03,36400.0,7.04,41000.0,7.05,87400.0,2490000
7.0,103482.0,6.99,37600.0,6.98,78000.0,6.97,60100.0,6.96,61900.0,7.01,103000.0,7.02,63400.0,7.03,36400.0,7.04,41000.0,7.05,87400.0,2493000
7.0,103482.0,6.99,37600.0,6.98,78000.0,6.97,60100.0,6.96,61900.0,7.01,102900.0,7.02,63400.0,7.03,36400.0,7.04,41000.0,7.05,87400.0,2502000
7.0,106282.0,6.99,37600.0,6.98,78000.0,6.97,60100.0,6.96,61900.0,7.01,102900.0,7.02,63400.0,7.03,36400.0,7.04,41000.0,7.05,87400.0,2505000
7.0,105782.0,6.99,37600.0,6.98,78000.0,6.97,60100.0,6.96,61900.0,7.01,102900.0,7.02,63400.0,7.03,36400.0,7.04,41000.0,7.05,87400.0,2508000
7.0,102982.0,6.99,37600.0,6.98,78000.0,6.97,60100.0,6.96,61900.0,7.01,132900.0,7.02,63400.0,7.03,36400.0,7.04,41000.0,7.05,87400.0,2517000
7.0,102682.0,6.99,37600.0,6.98,78000.0,6.97,60100.0,6.96,61900.0,7.01,133200.0,7.02,53400.0,7.03,26400.0,7.04,41000.0,7.05,87400.0,2520000
7.0,102482.0,6.99,37600.0,6.98,78000.0,6.97,60100.0,6.96,61900.0,7.01,133200.0,7.02,53400.0,7.03,26400.0,7.04,41000.0,7.05,87400.0,2547000
7.0,102382.0,6.99,37600.0,6.98,78000.0,6.97,60100.0,6.96,61900.0,7.01,133200.0,7.02,53400.0,7.03,26400.0,7.04,41000.0,7.05,87400.0,2559000
7.0,102482.0,6.99,37600.0,6.98,78000.0,6.97,60100.0,6.96,61900.0,7.01,132900.0,7.02,53400.0,7.03,26400.0,7.04,41000.0,7.05,87400.0,2562000
7.0,100782.0,6.99,37600.0,6.98,78000.0,6.97,60100.0,6.96,61900.0,7.01,132900.0,7.02,53400.0,7.03,26400.0,7.04,41000.0,7.05,87400.0,2580000
7.0,100782.0,6.99,37600.0,6.98,78000.0,6.97,60100.0,6.96,61900.0,7.01,133300.0,7.02,53400.0,7.03,26400.0,7.04,41000.0,7.05,87400.0,2583000
7.0,100782.0,6.99,37600.0,6.98,78000.0,6.97,60100.0,6.96,61900.0,7.01,135300.0,7.02,53400.0,7.03,26400.0,7.04,41000.0,7.05,87400.0,2586000
7.0,100782.0,6.99,37600.0,6.98,78000.0,6.97,60100.0,6.96,61900.0,7.01,135100.0,7.02,53400.0,7.03,26400.0,7.04,41000.0,7.05,87400.0,2595000
7.0,100782.0,6.99,37600.0,6.98,78000.0,6.97,60100.0,6.96,61900.0,7.01,135100.0,7.02,56600.0,7.03,26400.0,7.04,41000.0,7.05,87400.0,2601000
7.0,99382.0,6.99,37600.0,6.98,78000.0,6.97,60100.0,6.96,61900.0,7.01,135100.0,7.02,56600.0,7.03,26400.0,7.04,41000.0,7.05,87400.0,2604000
7.0,99282.0,6.99,37600.0,6.98,78000.0,6.97,60100.0,6.96,61900.0,7.01,135300.0,7.02,56600.0,7.03,26400.0,7.04,41000.0,7.05,87400.0,2607000
7.0,99282.0,6.99,37600.0,6.98,75800.0,6.97,60100.0,6.96,61900.0,7.01,138900.0,7.02,56600.0,7.03,26400.0,7.04,41000.0,7.05,87400.0,2610000
7.0,99182.0,6.99,37600.0,6.98,75800.0,6.97,60100.0,6.96,61900.0,7.01,108600.0,7.02,56600.0,7.03,26400.0,7.04,41000.0,7.05,87400.0,2616000
7.0,98982.0,6.99,37600.0,6.98,75800.0,6.97,60100.0,6.96,61900.0,7.01,107900.0,7.02,56600.0,7.03,26400.0,7.04,41000.0,7.05,87400.0,2619000
7.0,101782.0,6.99,37600.0,6.98,75800.0,6.97,60100.0,6.96,61900.0,7.01,106400.0,7.02,56600.0,7.03,26400.0,7.04,41000.0,7.05,87400.0,2622000
7.0,101382.0,6.99,37600.0,6.98,75800.0,6.97,60100.0,6.96,61900.0,7.01,105900.0,7.02,56600.0,7.03,26400.0,7.04,41000.0,7.05,87400.0,2625000
7.0,101382.0,6.99,37600.0,6.98,75800.0,6.97,60100.0,6.96,61900.0,7.01,105900.0,7.02,53400.0,7.03,26400.0,7.04,41000.0,7.05,87400.0,2628000
7.0,97182.0,6.99,37600.0,6.98,75800.0,6.97,60100.0,6.96,61900.0,7.01,106000.0,7.02,53400.0,7.03,26400.0,7.04,41000.0,7.05,87400.0,2631000
7.0,97082.0,6.99,38100.0,6.98,75800.0,6.97,60100.0,6.96,61900.0,7.01,106000.0,7.02,53400.0,7.03,26400.0,7.04,41000.0,7.05,87400.0,2634000
7.0,96382.0,6.99,38100.0,6.98,75800.0,6.97,60100.0,6.96,61900.0,7.01,105600.0,7.02,53400.0,7.03,26400.0,7.04,41000.0,7.05,87400.0,2637000
7.0,66282.0,6.99,38100.0,6.98,75800.0,6.97,60100.0,6.96,61900.0,7.01,105400.0,7.02,53400.0,7.03,26400.0,7.04,41000.0,7.05,87400.0,2649000
7.0,65682.0,6.99,38100.0,6.98,75800.0,6.97,60100.0,6.96,61900.0,7.01,105200.0,7.02,53400.0,7.03,26400.0,7.04,41000.0,7.05,87400.0,2652000
7.0,60782.0,6.99,38100.0,6.98,75800.0,6.97,60100.0,6.96,61900.0,7.01,105200.0,7.02,53400.0,7.03,26400.0,7.04,41000.0,7.05,87400.0,2655000
7.0,57182.0,6.99,38100.0,6.98,76200.0,6.97,60100.0,6.96,61900.0,7.01,105100.0,7.02,53400.0,7.03,26400.0,7.04,41000.0,7.05,87400.0,2658000
7.0,57182.0,6.99,38100.0,6.98,76200.0,6.97,60100.0,6.96,61900.0,7.01,105100.0,7.02,53400.0,7.03,26400.0,7.04,41000.0,7.05,87400.0,2664000
7.0,56982.0,6.99,38100.0,6.98,76200.0,6.97,60100.0,6.96,61900.0,7.01,105100.0,7.02,53400.0,7.03,26400.0,7.04,41000.0,7.05,87400.0,2670000
7.0,57082.0,6.99,38100.0,6.98,76200.0,6.97,60100.0,6.96,61900.0,7.01,105100.0,7.02,53400.0,7.03,26400.0,7.04,41000.0,7.05,87400.0,2673000
7.0,57182.0,6.99,38100.0,6.98,76200.0,6.97,60100.0,6.96,61900.0,7.01,105100.0,7.02,53400.0,7.03,26400.0,7.04,41000.0,7.05,87400.0,2676000
7.0,57082.0,6.99,38100.0,6.98,76200.0,6.97,60100.0,6.96,61900.0,7.01,105100.0,7.02,53400.0,7.03,26400.0,7.04,41000.0,7.05,87400.0,2679000
7.0,56782.0,6.99,38100.0,6.98,76200.0,6.97,60100.0,6.96,61900.0,7.01,104800.0,7.02,53400.0,7.03,26400.0,7.04,41000.0,7.05,87400.0,2682000
7.0,56482.0,6.99,38100.0,6.98,76200.0,6.97,60100.0,6.96,61900.0,7.01,104800.0,7.02,53400.0,7.03,26400.0,7.04,41000.0,7.05,87400.0,2688000
7.0,48682.0,6.99,38100.0,6.98,76200.0,6.97,60100.0,6.96,61900.0,7.01,104800.0,7.02,53400.0,7.03,26400.0,7.04,41000.0,7.05,87400.0,2691000
7.0,39282.0,6.99,38100.0,6.98,76200.0,6.97,60100.0,6.96,61900.0,7.01,105000.0,7.02,53400.0,7.03,26400.0,7.04,44700.0,7.05,87400.0,2694000
7.0,35182.0,6.99,38100.0,6.98,76200.0,6.97,60100.0,6.96,61900.0,7.01,104900.0,7.02,53400.0,7.03,26400.0,7.04,44700.0,7.05,87400.0,2697000
7.0,34582.0,6.99,36100.0,6.98,76200.0,6.97,60100.0,6.96,61900.0,7.01,105000.0,7.02,53400.0,7.03,26400.0,7.04,44700.0,7.05,87400.0,2700000
7.0,34382.0,6.99,36100.0,6.98,76200.0,6.97,60100.0,6.96,61900.0,7.01,105000.0,7.02,53400.0,7.03,26400.0,7.04,44700.0,7.05,87400.0,2703000
7.0,34282.0,6.99,36100.0,6.98,76200.0,6.97,60100.0,6.96,61900.0,7.01,105000.0,7.02,53400.0,7.03,26400.0,7.04,44700.0,7.05,87400.0,2706000
7.0,33482.0,6.99,36100.0,6.98,76200.0,6.97,60100.0,6.96,61900.0,7.01,105300.0,7.02,53400.0,7.03,26400.0,7.04,44700.0,7.05,87400.0,2715000
7.0,32582.0,6.99,36100.0,6.98,76200.0,6.97,60100.0,6.96,61900.0,7.01,105300.0,7.02,53400.0,7.03,26400.0,7.04,44700.0,7.05,87400.0,2718000
7.0,23482.0,6.99,36100.0,6.98,76200.0,6.97,60100.0,6.96,61900.0,7.01,105300.0,7.02,53400.0,7.03,26400.0,7.04,44700.0,7.05,87400.0,2721000
7.0,22782.0,6.99,36100.0,6.98,76200.0,6.97,60100.0,6.96,61900.0,7.01,105400.0,7.02,53400.0,7.03,26400.0,7.04,44700.0,7.05,87400.0,2724000
7.0,21782.0,6.99,36100.0,6.98,76200.0,6.97,60100.0,6.96,61900.0,7.01,105400.0,7.02,53400.0,7.03,26400.0,7.04,44700.0,7.05,87400.0,2727000
7.0,9482.0,6.99,36100.0,6.98,76200.0,6.97,60100.0,6.96,61900.0,7.01,96000.0,7.02,53400.0,7.03,26400.0,7.04,44700.0,7.05,87400.0,2730000
7.0,5082.0,6.99,36100.0,6.98,76200.0,6.97,60100.0,6.96,61900.0,7.01,95900.0,7.02,53400.0,7.03,26400.0,7.04,44700.0,7.05,87400.0,2733000
7.0,5482.0,6.99,36100.0,6.98,76200.0,6.97,60100.0,6.96,61900.0,7.01,96000.0,7.02,53400.0,7.03,26400.0,7.04,44700.0,7.05,87400.0,2736000
7.0,5682.0,6.99,36100.0,6.98,76200.0,6.97,60100.0,6.96,61900.0,7.01,96500.0,7.02,53400.0,7.03,26400.0,7.04,44700.0,7.05,87400.0,2739000
7.0,9282.0,6.99,36100.0,6.98,76200.0,6.97,60100.0,6.96,61900.0,7.01,96500.0,7.02,53400.0,7.03,26400.0,7.04,44700.0,7.05,87400.0,2742000
7.0,12482.0,6.99,36100.0,6.98,76200.0,6.97,60100.0,6.96,61900.0,7.01,96500.0,7.02,53400.0,7.03,26400.0,7.04,44700.0,7.05,87400.0,2745000
7.0,11782.0,6.99,36100.0,6.98,76200.0,6.97,60100.0,6.96,61900.0,7.01,96500.0,7.02,53400.0,7.03,26400.0,7.04,44700.0,7.05,87400.0,2748000
7.0,10282.0,6.99,36100.0,6.98,76200.0,6.97,60100.0,6.96,61900.0,7.01,96500.0,7.02,53400.0,7.03,26400.0,7.04,44700.0,7.05,87400.0,2757000
7.0,8282.0,6.99,36100.0,6.98,76200.0,6.97,60100.0,6.96,61900.0,7.01,96500.0,7.02,53400.0,7.03,26400.0,7.04,44700.0,7.05,87400.0,2760000
6.99,36100.0,6.98,76200.0,6.97,60100.0,6.96,61900.0,6.95,46800.0,7.0,24118.0,7.01,96400.0,7.02,53400.0,7.03,26400.0,7.04,44700.0,2763000
6.99,36400.0,6.98,76200.0,6.97,60100.0,6.96,61900.0,6.95,46800.0,7.0,25418.0,7.01,95700.0,7.02,53400.0,7.03,26400.0,7.04,44700.0,2766000
6.99,35800.0,6.98,76200.0,6.97,60100.0,6.96,61900.0,6.95,46800.0,7.0,29418.0,7.01,91000.0,7.02,53400.0,7.03,26400.0,7.04,44700.0,2769000
6.99,35400.0,6.98,76200.0,6.97,60100.0,6.96,61900.0,6.95,46800.0,7.0,29518.0,7.01,90900.0,7.02,53400.0,7.03,26400.0,7.04,44700.0,2772000
6.99,35100.0,6.98,76200.0,6.97,60100.0,6.96,61900.0,6.95,46800.0,7.0,30018.0,7.01,90400.0,7.02,53400.0,7.03,26400.0,7.04,44700.0,2775000
6.99,34700.0,6.98,76200.0,6.97,60100.0,6.96,61900.0,6.95,46800.0,7.0,30018.0,7.01,90400.0,7.02,53400.0,7.03,26400.0,7.04,44700.0,2778000
6.99,34700.0,6.98,76200.0,6.97,60100.0,6.96,61900.0,6.95,46800.0,7.0,30018.0,7.01,90400.0,7.02,53400.0,7.03,26400.0,7.04,44700.0,2799000
6.99,34800.0,6.98,76200.0,6.97,60100.0,6.96,61900.0,6.95,46800.0,7.0,30018.0,7.01,90400.0,7.02,53400.0,7.03,26400.0,7.04,44700.0,2802000
6.99,34200.0,6.98,76200.0,6.97,60100.0,6.96,61900.0,6.95,46800.0,7.0,30418.0,7.01,90400.0,7.02,53400.0,7.03,26400.0,7.04,44700.0,2805000
6.99,34200.0,6.98,76200.0,6.97,60100.0,6.96,61900.0,6.95,46800.0,7.0,30518.0,7.01,90400.0,7.02,53400.0,7.03,26400.0,7.04,44700.0,2808000
6.99,34200.0,6.98,76200.0,6.97,60100.0,6.96,61900.0,6.95,46800.0,7.0,30618.0,7.01,90400.0,7.02,53400.0,7.03,26400.0,7.04,44700.0,2811000
6.99,34500.0,6.98,76200.0,6.97,60100.0,6.96,61900.0,6.95,46800.0,7.0,27718.0,7.01,90400.0,7.02,53400.0,7.03,26400.0,7.04,44700.0,2814000
6.99,31300.0,6.98,76200.0,6.97,60100.0,6.96,61900.0,6.95,46800.0,7.0,27718.0,7.01,90400.0,7.02,53400.0,7.03,26400.0,7.04,44700.0,2820000
6.99,30900.0,6.98,76200.0,6.97,60100.0,6.96,61900.0,6.95,46800.0,7.0,24618.0,7.01,90400.0,7.02,53400.0,7.03,26400.0,7.04,44700.0,2823000
6.99,31200.0,6.98,76200.0,6.97,60100.0,6.96,61900.0,6.95,46800.0,7.0,22518.0,7.01,90400.0,7.02,53400.0,7.03,26400.0,7.04,44700.0,2826000
6.99,31000.0,6.98,76200.0,6.97,60100.0,6.96,61900.0,6.95,46800.0,7.0,22418.0,7.01,90400.0,7.02,53400.0,7.03,26400.0,7.04,44700.0,2829000
6.99,31000.0,6.98,76200.0,6.97,60100.0,6.96,61900.0,6.95,46800.0,7.0,22618.0,7.01,90400.0,7.02,53400.0,7.03,26400.0,7.04,44700.0,2838000
6.99,31000.0,6.98,76200.0,6.97,60100.0,6.96,61900.0,6.95,46800.0,7.0,22418.0,7.01,90400.0,7.02,53400.0,7.03,26400.0,7.04,44700.0,2844000
6.99,30700.0,6.98,76200.0,6.97,60100.0,6.96,61900.0,6.95,46800.0,7.0,27618.0,7.01,90400.0,7.02,53400.0,7.03,26400.0,7.04,44700.0,2847000
6.99,27500.0,6.98,76200.0,6.97,60100.0,6.96,61900.0,6.95,46800.0,7.0,27518.0,7.01,90400.0,7.02,53400.0,7.03,26400.0,7.04,44700.0,2853000
6.99,27400.0,6.98,76200.0,6.97,60100.0,6.96,61900.0,6.95,46800.0,7.0,27618.0,7.01,90400.0,7.02,53400.0,7.03,26400.0,7.04,44700.0,2859000
6.99,27400.0,6.98,76200.0,6.97,70100.0,6.96,61900.0,6.95,46800.0,7.0,27618.0,7.01,90400.0,7.02,53400.0,7.03,26400.0,7.04,44700.0,2862000
6.99,27400.0,6.98,76200.0,6.97,70100.0,6.96,61900.0,6.95,46800.0,7.0,27518.0,7.01,90400.0,7.02,53400.0,7.03,26400.0,7.04,44700.0,2865000
6.99,27400.0,6.98,76200.0,6.97,70100.0,6.96,61900.0,6.95,46800.0,7.0,27218.0,7.01,90400.0,7.02,53400.0,7.03,26400.0,7.04,44700.0,2868000
6.99,26800.0,6.98,76200.0,6.97,70100.0,6.96,61900.0,6.95,46800.0,7.0,27118.0,7.01,90400.0,7.02,53400.0,7.03,26400.0,7.04,44700.0,2874000
6.99,25800.0,6.98,76200.0,6.97,70100.0,6.96,61900.0,6.95,46800.0,7.0,27118.0,7.01,90400.0,7.02,53400.0,7.03,26400.0,7.04,44700.0,2877000
6.99,25800.0,6.98,76200.0,6.97,70100.0,6.96,61900.0,6.95,46800.0,7.0,27218.0,7.01,90400.0,7.02,53400.0,7.03,26400.0,7.04,44700.0,2880000
6.99,21800.0,6.98,76200.0,6.97,70100.0,6.96,61900.0,6.95,46800.0,7.0,27218.0,7.01,90400.0,7.02,53400.0,7.03,26400.0,7.04,44700.0,2883000
6.99,21300.0,6.98,76200.0,6.97,70100.0,6.96,61900.0,6.95,46800.0,7.0,27218.0,7.01,90100.0,7.02,53400.0,7.03,26400.0,7.04,44700.0,2886000
6.99,20700.0,6.98,76200.0,6.97,70100.0,6.96,61900.0,6.95,46800.0,7.0,27218.0,7.01,89900.0,7.02,53400.0,7.03,26400.0,7.04,44700.0,2889000
6.99,19200.0,6.98,76200.0,6.97,70100.0,6.96,61900.0,6.95,46800.0,7.0,27018.0,7.01,89900.0,7.02,53400.0,7.03,26400.0,7.04,44700.0,2892000
6.99,18800.0,6.98,76200.0,6.97,70100.0,6.96,61900.0,6.95,46800.0,7.0,27018.0,7.01,89900.0,7.02,53400.0,7.03,26400.0,7.04,44700.0,2895000
6.99,18400.0,6.98,76200.0,6.97,70100.0,6.96,61900.0,6.95,46800.0,7.0,27018.0,7.01,89900.0,7.02,53400.0,7.03,26400.0,7.04,44700.0,2898000
6.99,17900.0,6.98,76200.0,6.97,70100.0,6.96,61900.0,6.95,46800.0,7.0,27018.0,7.01,89900.0,7.02,53400.0,7.03,26400.0,7.04,44700.0,2901000
6.99,17900.0,6.98,76200.0,6.97,70100.0,6.96,61900.0,6.95,46800.0,7.0,30018.0,7.01,89900.0,7.02,53400.0,7.03,26400.0,7.04,44700.0,2910000
6.99,17900.0,6.98,76200.0,6.97,70100.0,6.96,61900.0,6.95,46800.0,7.0,29818.0,7.01,89900.0,7.02,53400.0,7.03,26400.0,7.04,44700.0,2913000
6.99,22700.0,6.98,76200.0,6.97,70100.0,6.96,61900.0,6.95,46800.0,7.0,29718.0,7.01,89700.0,7.02,53400.0,7.03,26400.0,7.04,44700.0,2916000
6.99,23300.0,6.98,76200.0,6.97,70100.0,6.96,61900.0,6.95,46800.0,7.0,29718.0,7.01,89700.0,7.02,53400.0,7.03,26400.0,7.04,44700.0,2919000
6.99,23300.0,6.98,76200.0,6.97,70100.0,6.96,61900.0,6.95,46800.0,7.0,29818.0,7.01,89700.0,7.02,53400.0,7.03,26400.0,7.04,44700.0,2925000
6.99,22700.0,6.98,76200.0,6.97,70100.0,6.96,61900.0,6.95,46800.0,7.0,30218.0,7.01,89700.0,7.02,53400.0,7.03,26400.0,7.04,44700.0,2934000
6.99,21800.0,6.98,76200.0,6.97,70100.0,6.96,61900.0,6.95,46800.0,7.0,33718.0,7.01,89700.0,7.02,53400.0,7.03,26400.0,7.04,44700.0,2937000
6.99,23300.0,6.98,76200.0,6.97,70100.0,6.96,61900.0,6.95,46800.0,7.0,33718.0,7.01,89700.0,7.02,53400.0,7.03,26400.0,7.04,44700.0,2940000
6.99,19300.0,6.98,76200.0,6.97,70100.0,6.96,61900.0,6.95,46800.0,7.0,34718.0,7.01,89700.0,7.02,53400.0,7.03,26400.0,7.04,44700.0,2943000
6.99,15600.0,6.98,76200.0,6.97,70100.0,6.96,61900.0,6.95,46800.0,7.0,34718.0,7.01,89700.0,7.02,53400.0,7.03,26400.0,7.04,44700.0,2946000
6.99,14800.0,6.98,76200.0,6.97,70100.0,6.96,61900.0,6.95,46800.0,7.0,35218.0,7.01,89700.0,7.02,53400.0,7.03,26400.0,7.04,44700.0,2949000
6.99,14000.0,6.98,76200.0,6.97,70100.0,6.96,61900.0,6.95,46800.0,7.0,35218.0,7.01,89700.0,7.02,53400.0,7.03,26400.0,7.04,44700.0,2952000
6.99,75700.0,6.98,76200.0,6.97,70100.0,6.96,61900.0,6.95,46800.0,7.0,35118.0,7.01,89700.0,7.02,53400.0,7.03,26400.0,7.04,44700.0,2955000
6.99,75200.0,6.98,76200.0,6.97,70100.0,6.96,61900.0,6.95,46800.0,7.0,35918.0,7.01,89700.0,7.02,53400.0,7.03,26400.0,7.04,44700.0,2958000
6.99,74800.0,6.98,76200.0,6.97,70100.0,6.96,61900.0,6.95,46800.0,7.0,35918.0,7.01,89700.0,7.02,53400.0,7.03,26400.0,7.04,44700.0,2961000
6.99,74400.0,6.98,76200.0,6.97,70100.0,6.96,61900.0,6.95,46800.0,7.0,35918.0,7.01,89700.0,7.02,53400.0,7.03,26400.0,7.04,44700.0,2964000
6.99,74400.0,6.98,76200.0,6.97,70100.0,6.96,61900.0,6.95,46800.0,7.0,35918.0,7.01,89700.0,7.02,53400.0,7.03,26400.0,7.04,44700.0,2976000
6.99,74400.0,6.98,76200.0,6.97,70100.0,6.96,61900.0,6.95,46800.0,7.0,35718.0,7.01,89700.0,7.02,53400.0,7.03,26400.0,7.04,44700.0,2979000
6.99,74400.0,6.98,76200.0,6.97,70100.0,6.96,61900.0,6.95,46800.0,7.0,36218.0,7.01,89700.0,7.02,53400.0,7.03,26400.0,7.04,44700.0,2982000
6.99,74100.0,6.98,76200.0,6.97,70100.0,6.96,61900.0,6.95,46800.0,7.0,36218.0,7.01,92800.0,7.02,53400.0,7.03,26400.0,7.04,44700.0,2991000
6.99,74000.0,6.98,76200.0,6.97,70100.0,6.96,61900.0,6.95,46800.0,7.0,36218.0,7.01,92800.0,7.02,53400.0,7.03,26400.0,7.04,44700.0,2994000
6.99,73500.0,6.98,76200.0,6.97,70100.0,6.96,61900.0,6.95,46800.0,7.0,31718.0,7.01,92800.0,7.02,53400.0,7.03,26400.0,7.04,44700.0,2997000
6.99,73500.0,6.98,76200.0,6.97,70100.0,6.96,61900.0,6.95,46800.0,7.0,32418.0,7.01,92800.0,7.02,53400.0,7.03,26400.0,7.04,44700.0,3000000
6.99,73800.0,6.98,76200.0,6.97,70100.0,6.96,61900.0,6.95,46800.0,7.0,32418.0,7.01,92800.0,7.02,53400.0,7.03,26400.0,7.04,44700.0,3003000
6.99,75700.0,6.98,76200.0,6.97,70100.0,6.96,61900.0,6.95,46800.0,7.0,37318.0,7.01,92800.0,7.02,53400.0,7.03,26400.0,7.04,44700.0,3006000
6.99,75600.0,6.98,76200.0,6.97,70100.0,6.96,61900.0,6.95,46800.0,7.0,42218.0,7.01,92800.0,7.02,53400.0,7.03,26400.0,7.04,44700.0,3012000
6.99,75500.0,6.98,76200.0,6.97,70100.0,6.96,61900.0,6.95,46800.0,7.0,41718.0,7.01,92800.0,7.02,53400.0,7.03,26400.0,7.04,44700.0,3015000
6.99,75000.0,6.98,76200.0,6.97,70100.0,6.96,61900.0,6.95,46800.0,7.0,39318.0,7.01,92800.0,7.02,53400.0,7.03,26400.0,7.04,44700.0,3021000
6.99,74800.0,6.98,76200.0,6.97,70100.0,6.96,61900.0,6.95,46800.0,7.0,39418.0,7.01,92800.0,7.02,53400.0,7.03,26400.0,7.04,44700.0,3024000
6.99,71100.0,6.98,76200.0,6.97,70100.0,6.96,61900.0,6.95,46800.0,7.0,39518.0,7.01,89700.0,7.02,53400.0,7.03,26400.0,7.04,44700.0,3030000
6.99,70700.0,6.98,76200.0,6.97,70100.0,6.96,61900.0,6.95,46800.0,7.0,39518.0,7.01,89700.0,7.02,53400.0,7.03,26400.0,7.04,44700.0,3033000
6.99,70700.0,6.98,76200.0,6.97,70100.0,6.96,61900.0,6.95,46800.0,7.0,39418.0,7.01,89700.0,7.02,53400.0,7.03,26400.0,7.04,44700.0,3036000
6.99,70600.0,6.98,76200.0,6.97,70100.0,6.96,61900.0,6.95,46800.0,7.0,39318.0,7.01,89700.0,7.02,53400.0,7.03,26400.0,7.04,44700.0,3039000
6.99,70600.0,6.98,76200.0,6.97,70100.0,6.96,61900.0,6.95,53800.0,7.0,39318.0,7.01,89700.0,7.02,53400.0,7.03,26400.0,7.04,44700.0,3042000
6.99,70600.0,6.98,76200.0,6.97,70100.0,6.96,61900.0,6.95,53800.0,7.0,39518.0,7.01,89700.0,7.02,53400.0,7.03,26400.0,7.04,44700.0,3045000
6.99,70600.0,6.98,76200.0,6.97,70100.0,6.96,61900.0,6.95,53800.0,7.0,39518.0,7.01,93100.0,7.02,50000.0,7.03,26400.0,7.04,44700.0,3048000
6.99,70200.0,6.98,76200.0,6.97,70100.0,6.96,61900.0,6.95,53800.0,7.0,39518.0,7.01,93100.0,7.02,50000.0,7.03,26400.0,7.04,44700.0,3054000
6.99,69800.0,6.98,76200.0,6.97,70100.0,6.96,61900.0,6.95,53800.0,7.0,39518.0,7.01,93100.0,7.02,50000.0,7.03,26400.0,7.04,44700.0,3057000
6.99,69800.0,6.98,76200.0,6.97,70100.0,6.96,61900.0,6.95,54000.0,7.0,39618.0,7.01,93100.0,7.02,50000.0,7.03,26400.0,7.04,44700.0,3060000
6.99,69700.0,6.98,76200.0,6.97,70100.0,6.96,61900.0,6.95,54000.0,7.0,39618.0,7.01,93100.0,7.02,50000.0,7.03,26400.0,7.04,44700.0,3069000
6.99,69700.0,6.98,76200.0,6.97,70100.0,6.96,61900.0,6.95,54000.0,7.0,39518.0,7.01,93100.0,7.02,50000.0,7.03,26400.0,7.04,44700.0,3072000
6.99,69300.0,6.98,76200.0,6.97,70100.0,6.96,61900.0,6.95,54000.0,7.0,39518.0,7.01,93100.0,7.02,50000.0,7.03,26400.0,7.04,44700.0,3075000
6.99,69200.0,6.98,76200.0,6.97,70100.0,6.96,61900.0,6.95,54000.0,7.0,39518.0,7.01,93100.0,7.02,50000.0,7.03,26400.0,7.04,44700.0,3081000
6.99,68100.0,6.98,76200.0,6.97,70100.0,6.96,61900.0,6.95,54000.0,7.0,39518.0,7.01,93100.0,7.02,50000.0,7.03,26400.0,7.04,44700.0,3093000
6.99,64900.0,6.98,76200.0,6.97,70100.0,6.96,61900.0,6.95,54000.0,7.0,39518.0,7.01,93100.0,7.02,50000.0,7.03,26400.0,7.04,44700.0,3096000
6.99,58600.0,6.98,76200.0,6.97,70100.0,6.96,61900.0,6.95,54000.0,7.0,40118.0,7.01,93100.0,7.02,50000.0,7.03,26400.0,7.04,44700.0,3099000
6.99,54900.0,6.98,76200.0,6.97,70100.0,6.96,61900.0,6.95,54000.0,7.0,40418.0,7.01,93100.0,7.02,50000.0,7.03,26400.0,7.04,44700.0,3102000
6.99,54500.0,6.98,76200.0,6.97,70100.0,6.96,61900.0,6.95,54000.0,7.0,40818.0,7.01,92700.0,7.02,50000.0,7.03,26400.0,7.04,44700.0,3105000
6.99,54400.0,6.98,76200.0,6.97,70100.0,6.96,61900.0,6.95,54000.0,7.0,41218.0,7.01,92300.0,7.02,50000.0,7.03,26400.0,7.04,44700.0,3108000
6.99,54400.0,6.98,76200.0,6.97,70100.0,6.96,61900.0,6.95,54000.0,7.0,36218.0,7.01,92300.0,7.02,50000.0,7.03,26400.0,7.04,44700.0,3111000
6.99,53200.0,6.98,76200.0,6.97,70100.0,6.96,61900.0,6.95,54000.0,7.0,36218.0,7.01,92300.0,7.02,50000.0,7.03,26400.0,7.04,44700.0,3114000
6.99,51800.0,6.98,76200.0,6.97,70100.0,6.96,61900.0,6.95,54000.0,7.0,36818.0,7.01,91100.0,7.02,50000.0,7.03,26400.0,7.04,44700.0,3117000
6.99,50500.0,6.98,76200.0,6.97,70100.0,6.96,61900.0,6.95,54000.0,7.0,36818.0,7.01,91100.0,7.02,50000.0,7.03,26400.0,7.04,44700.0,3120000
6.99,50800.0,6.98,76200.0,6.97,70100.0,6.96,61900.0,6.95,54000.0,7.0,36818.0,7.01,91100.0,7.02,50000.0,7.03,26400.0,7.04,44700.0,3123000
6.99,50200.0,6.98,83200.0,6.97,70100.0,6.96,58900.0,6.95,54000.0,7.0,36718.0,7.01,91100.0,7.02,50000.0,7.03,26400.0,7.04,44700.0,3126000
6.99,55400.0,6.98,83200.0,6.97,70100.0,6.96,58900.0,6.95,54000.0,7.0,36018.0,7.01,91100.0,7.02,50000.0,7.03,26400.0,7.04,44700.0,3129000
6.99,107400.0,6.98,83200.0,6.97,70100.0,6.96,58900.0,6.95,54000.0,7.0,36018.0,7.01,91100.0,7.02,50000.0,7.03,26400.0,7.04,44700.0,3132000
6.99,107500.0,6.98,83200.0,6.97,70100.0,6.96,58900.0,6.95,54000.0,7.0,35918.0,7.01,91100.0,7.02,50000.0,7.03,26400.0,7.04,44700.0,3135000
6.99,112500.0,6.98,83200.0,6.97,70100.0,6.96,58900.0,6.95,54000.0,7.0,35918.0,7.01,91100.0,7.02,50000.0,7.03,26400.0,7.04,44700.0,3138000
6.99,112400.0,6.98,83200.0,6.97,70100.0,6.96,58900.0,6.95,54000.0,7.0,35918.0,7.01,91100.0,7.02,50000.0,7.03,26400.0,7.04,44700.0,3144000
6.99,112000.0,6.98,83200.0,6.97,70100.0,6.96,58900.0,6.95,54000.0,7.0,35918.0,7.01,91100.0,7.02,50000.0,7.03,26400.0,7.04,44700.0,3153000
6.99,112000.0,6.98,83200.0,6.97,70100.0,6.96,58900.0,6.95,54000.0,7.0,35318.0,7.01,91100.0,7.02,50000.0,7.03,26400.0,7.04,44700.0,3156000
6.99,112000.0,6.98,83200.0,6.97,70100.0,6.96,58900.0,6.95,54000.0,7.0,35518.0,7.01,91100.0,7.02,50000.0,7.03,26400.0,7.04,44700.0,3159000
6.99,112000.0,6.98,83200.0,6.97,70100.0,6.96,58900.0,6.95,54000.0,7.0,35418.0,7.01,91100.0,7.02,50000.0,7.03,26400.0,7.04,44700.0,3171000
6.99,112000.0,6.98,83200.0,6.97,70100.0,6.96,58900.0,6.95,54000.0,7.0,35518.0,7.01,91100.0,7.02,50000.0,7.03,26400.0,7.04,44700.0,3174000
6.99,111500.0,6.98,83200.0,6.97,70100.0,6.96,58900.0,6.95,54000.0,7.0,35518.0,7.01,91100.0,7.02,50000.0,7.03,26400.0,7.04,44700.0,3186000
6.99,111400.0,6.98,83200.0,6.97,70100.0,6.96,58900.0,6.95,54000.0,7.0,35518.0,7.01,95300.0,7.02,50000.0,7.03,26400.0,7.04,44700.0,3189000
6.99,111300.0,6.98,83200.0,6.97,70100.0,6.96,58900.0,6.95,54000.0,7.0,35518.0,7.01,95300.0,7.02,50000.0,7.03,26400.0,7.04,44700.0,3198000
6.99,111200.0,6.98,83200.0,6.97,70100.0,6.96,58900.0,6.95,54000.0,7.0,35518.0,7.01,95300.0,7.02,50000.0,7.03,26400.0,7.04,44700.0,3201000
6.99,111200.0,6.98,83200.0,6.97,70100.0,6.96,58900.0,6.95,54000.0,7.0,35418.0,7.01,95300.0,7.02,50000.0,7.03,26400.0,7.04,44700.0,3207000
6.99,119100.0,6.98,83200.0,6.97,70100.0,6.96,58900.0,6.95,54000.0,7.0,35518.0,7.01,95300.0,7.02,50000.0,7.03,26400.0,7.04,44700.0,3210000
6.99,119100.0,6.98,83200.0,6.97,70100.0,6.96,58900.0,6.95,54000.0,7.0,35218.0,7.01,95300.0,7.02,50000.0,7.03,26400.0,7.04,44700.0,3216000
6.99,119100.0,6.98,83200.0,6.97,70100.0,6.96,58900.0,6.95,54000.0,7.0,35318.0,7.01,95300.0,7.02,50000.0,7.03,26400.0,7.04,44700.0,3219000
6.99,119100.0,6.98,83200.0,6.97,70100.0,6.96,58900.0,6.95,54000.0,7.0,35318.0,7.01,98500.0,7.02,50000.0,7.03,26400.0,7.04,44700.0,3231000
6.99,118500.0,6.98,83200.0,6.97,70100.0,6.96,58900.0,6.95,54000.0,7.0,34218.0,7.01,98500.0,7.02,50000.0,7.03,26400.0,7.04,44700.0,3237000
6.99,118300.0,6.98,83200.0,6.97,70100.0,6.96,58900.0,6.95,54000.0,7.0,34218.0,7.01,98500.0,7.02,50000.0,7.03,26400.0,7.04,44700.0,3246000
6.99,118400.0,6.98,83200.0,6.97,70100.0,6.96,58900.0,6.95,54000.0,7.0,34218.0,7.01,98500.0,7.02,50000.0,7.03,26400.0,7.04,44700.0,3255000
6.99,118300.0,6.98,83200.0,6.97,70100.0,6.96,58900.0,6.95,54000.0,7.0,34218.0,7.01,98500.0,7.02,50000.0,7.03,26400.0,7.04,44700.0,3258000
6.99,118200.0,6.98,83200.0,6.97,70100.0,6.96,58900.0,6.95,54000.0,7.0,37218.0,7.01,98500.0,7.02,50000.0,7.03,26400.0,7.04,44700.0,3261000
6.99,118400.0,6.98,83200.0,6.97,70100.0,6.96,58900.0,6.95,54000.0,7.0,37218.0,7.01,98500.0,7.02,50000.0,7.03,26400.0,7.04,44700.0,3264000
6.99,118400.0,6.98,83200.0,6.97,70100.0,6.96,58900.0,6.95,54000.0,7.0,37218.0,7.01,98500.0,7.02,50000.0,7.03,26400.0,7.04,44700.0,3270000
6.99,118400.0,6.98,83200.0,6.97,70100.0,6.96,58900.0,6.95,54000.0,7.0,37218.0,7.01,98500.0,7.02,50000.0,7.03,26400.0,7.04,44700.0,3285000
6.99,118400.0,6.98,83200.0,6.97,70100.0,6.96,58900.0,6.95,54000.0,7.0,37118.0,7.01,98500.0,7.02,50000.0,7.03,26400.0,7.04,44700.0,3288000
6.99,118400.0,6.98,83200.0,6.97,70100.0,6.96,58900.0,6.95,54000.0,7.0,37018.0,7.01,98500.0,7.02,50000.0,7.03,26400.0,7.04,44700.0,3294000
6.99,118400.0,6.98,83200.0,6.97,70100.0,6.96,58900.0,6.95,54000.0,7.0,31318.0,7.01,98500.0,7.02,50000.0,7.03,26400.0,7.04,44700.0,3297000
6.99,118400.0,6.98,83200.0,6.97,70100.0,6.96,58900.0,6.95,54000.0,7.0,30918.0,7.01,98500.0,7.02,50000.0,7.03,26400.0,7.04,44700.0,3300000
6.99,118300.0,6.98,83200.0,6.97,70100.0,6.96,58900.0,6.95,54000.0,7.0,30918.0,7.01,98500.0,7.02,50000.0,7.03,26400.0,7.04,44700.0,3303000
6.99,118200.0,6.98,83200.0,6.97,70100.0,6.96,58900.0,6.95,54000.0,7.0,30918.0,7.01,98500.0,7.02,50000.0,7.03,26400.0,7.04,44700.0,3306000
6.99,117900.0,6.98,83200.0,6.97,70100.0,6.96,58900.0,6.95,54000.0,7.0,30918.0,7.01,98500.0,7.02,50000.0,7.03,26400.0,7.04,44700.0,3309000
6.99,116900.0,6.98,83200.0,6.97,70100.0,6.96,58900.0,6.95,54000.0,7.0,30918.0,7.01,98500.0,7.02,50000.0,7.03,26400.0,7.04,44700.0,3312000
6.99,116500.0,6.98,83200.0,6.97,70100.0,6.96,58900.0,6.95,54000.0,7.0,30618.0,7.01,98500.0,7.02,50000.0,7.03,26400.0,7.04,44700.0,3315000
6.99,113100.0,6.98,83200.0,6.97,70100.0,6.96,58900.0,6.95,54000.0,7.0,30518.0,7.01,98500.0,7.02,50000.0,7.03,26400.0,7.04,44700.0,3324000
6.99,113100.0,6.98,83200.0,6.97,70100.0,6.96,58900.0,6.95,54000.0,7.0,30618.0,7.01,98500.0,7.02,50000.0,7.03,26400.0,7.04,44700.0,3327000
6.99,113100.0,6.98,83200.0,6.97,70100.0,6.96,58900.0,6.95,54000.0,7.0,30318.0,7.01,98500.0,7.02,50000.0,7.03,26400.0,7.04,44700.0,3339000
6.99,113100.0,6.98,83200.0,6.97,70100.0,6.96,58900.0,6.95,54000.0,7.0,30418.0,7.01,98500.0,7.02,50000.0,7.03,26400.0,7.04,44700.0,3342000
6.99,113100.0,6.98,83200.0,6.97,70100.0,6.96,58900.0,6.95,54000.0,7.0,30518.0,7.01,98500.0,7.02,50000.0,7.03,26400.0,7.04,44700.0,3345000
6.99,113000.0,6.98,83200.0,6.97,70100.0,6.96,58900.0,6.95,54000.0,7.0,30518.0,7.01,98500.0,7.02,50000.0,7.03,26400.0,7.04,44700.0,3357000
6.99,112700.0,6.98,83200.0,6.97,70100.0,6.96,58900.0,6.95,54000.0,7.0,30518.0,7.01,98500.0,7.02,50000.0,7.03,26400.0,7.04,44700.0,3360000
6.99,112400.0,6.98,83200.0,6.97,70100.0,6.96,58900.0,6.95,54000.0,7.0,30618.0,7.01,98500.0,7.02,50000.0,7.03,26400.0,7.04,44700.0,3369000
6.99,112400.0,6.98,83200.0,6.97,70100.0,6.96,58900.0,6.95,54000.0,7.0,30618.0,7.01,98500.0,7.02,50000.0,7.03,26400.0,7.04,44700.0,3378000
6.99,112400.0,6.98,83200.0,6.97,70100.0,6.96,58900.0,6.95,54000.0,7.0,30518.0,7.01,98500.0,7.02,50000.0,7.03,26400.0,7.04,44700.0,3384000
6.99,112400.0,6.98,83200.0,6.97,70100.0,6.96,58900.0,6.95,54000.0,7.0,30118.0,7.01,98500.0,7.02,50000.0,7.03,26400.0,7.04,44700.0,3387000
6.99,112300.0,6.98,83200.0,6.97,70100.0,6.96,58900.0,6.95,54000.0,7.0,30118.0,7.01,98500.0,7.02,50000.0,7.03,26400.0,7.04,44700.0,3411000
6.99,112300.0,6.98,83200.0,6.97,70100.0,6.96,58900.0,6.95,54000.0,7.0,30218.0,7.01,98500.0,7.02,50000.0,7.03,26400.0,7.04,44700.0,3417000
6.99,112300.0,6.98,83200.0,6.97,70100.0,6.96,58900.0,6.95,54000.0,7.0,29918.0,7.01,98500.0,7.02,50000.0,7.03,26400.0,7.04,44700.0,3423000
6.99,112500.0,6.98,83200.0,6.97,70100.0,6.96,58900.0,6.95,54000.0,7.0,20818.0,7.01,98500.0,7.02,50000.0,7.03,26400.0,7.04,44700.0,3426000
6.99,112500.0,6.98,83200.0,6.97,70100.0,6.96,58900.0,6.95,54000.0,7.0,23018.0,7.01,98500.0,7.02,50000.0,7.03,26400.0,7.04,44700.0,3429000
6.99,112400.0,6.98,83200.0,6.97,70100.0,6.96,58900.0,6.95,54000.0,7.0,23018.0,7.01,98500.0,7.02,50000.0,7.03,26400.0,7.04,44700.0,3432000
6.99,113400.0,6.98,83200.0,6.97,70100.0,6.96,58900.0,6.95,54000.0,7.0,23018.0,7.01,98500.0,7.02,50000.0,7.03,26400.0,7.04,44700.0,3435000
6.99,123500.0,6.98,83200.0,6.97,70100.0,6.96,58900.0,6.95,54000.0,7.0,22118.0,7.01,98500.0,7.02,50000.0,7.03,26400.0,7.04,44700.0,3450000
6.99,123500.0,6.98,83200.0,6.97,70100.0,6.96,58900.0,6.95,54000.0,7.0,21818.0,7.01,98500.0,7.02,50000.0,7.03,26400.0,7.04,44700.0,3453000
6.99,123300.0,6.98,83200.0,6.97,70100.0,6.96,58900.0,6.95,54000.0,7.0,21818.0,7.01,98500.0,7.02,50000.0,7.03,26400.0,7.04,44700.0,3456000
6.99,123100.0,6.98,83200.0,6.97,70100.0,6.96,58900.0,6.95,54000.0,7.0,21618.0,7.01,98500.0,7.02,50000.0,7.03,26400.0,7.04,44700.0,3465000
6.99,123100.0,6.98,83200.0,6.97,70100.0,6.96,58900.0,6.95,54000.0,7.0,20618.0,7.01,98500.0,7.02,50000.0,7.03,26400.0,7.04,44700.0,3474000
6.99,123000.0,6.98,83200.0,6.97,70100.0,6.96,58900.0,6.95,54000.0,7.0,20618.0,7.01,98500.0,7.02,50000.0,7.03,26400.0,7.04,44700.0,3477000
6.99,123100.0,6.98,83200.0,6.97,70100.0,6.96,58900.0,6.95,54000.0,7.0,20618.0,7.01,98500.0,7.02,50000.0,7.03,26400.0,7.04,44700.0,3483000
6.99,123000.0,6.98,83200.0,6.97,70100.0,6.96,58900.0,6.95,54000.0,7.0,20618.0,7.01,98500.0,7.02,50000.0,7.03,26400.0,7.04,44700.0,3486000
6.99,122500.0,6.98,83200.0,6.97,70100.0,6.96,58900.0,6.95,54000.0,7.0,20618.0,7.01,98500.0,7.02,50000.0,7.03,26400.0,7.04,44700.0,3495000
6.99,122100.0,6.98,83200.0,6.97,70100.0,6.96,58900.0,6.95,54000.0,7.0,20618.0,7.01,98500.0,7.02,50000.0,7.03,26400.0,7.04,44700.0,3501000
6.99,121100.0,6.98,83200.0,6.97,70100.0,6.96,58900.0,6.95,54000.0,7.0,20618.0,7.01,98500.0,7.02,50000.0,7.03,26400.0,7.04,44700.0,3504000
6.99,121100.0,6.98,83200.0,6.97,70100.0,6.96,58900.0,6.95,56000.0,7.0,20818.0,7.01,98500.0,7.02,50000.0,7.03,26400.0,7.04,44700.0,3519000
6.99,120900.0,6.98,83200.0,6.97,70100.0,6.96,58900.0,6.95,56000.0,7.0,20618.0,7.01,98500.0,7.02,50000.0,7.03,26400.0,7.04,44700.0,3534000
6.99,120900.0,6.98,83200.0,6.97,70100.0,6.96,58900.0,6.95,56000.0,7.0,20718.0,7.01,98500.0,7.02,50000.0,7.03,26400.0,7.04,44700.0,3540000
6.99,120900.0,6.98,83200.0,6.97,70100.0,6.96,58900.0,6.95,56000.0,7.0,20718.0,7.01,98500.0,7.02,50000.0,7.03,26400.0,7.04,44700.0,3546000
6.99,120900.0,6.98,83200.0,6.97,70100.0,6.96,58900.0,6.95,56000.0,7.0,19918.0,7.01,98500.0,7.02,50000.0,7.03,26400.0,7.04,44700.0,3552000
6.99,120900.0,6.98,83200.0,6.97,70100.0,6.96,58900.0,6.95,56000.0,7.0,19818.0,7.01,98500.0,7.02,50000.0,7.03,26400.0,7.04,44700.0,3555000
6.99,121100.0,6.98,83200.0,6.97,70100.0,6.96,58900.0,6.95,56000.0,7.0,19818.0,7.01,98500.0,7.02,50000.0,7.03,26400.0,7.04,44700.0,3558000
6.99,121100.0,6.98,83200.0,6.97,70100.0,6.96,58900.0,6.95,56000.0,7.0,18118.0,7.01,98500.0,7.02,50000.0,7.03,26400.0,7.04,44700.0,3564000
6.99,121100.0,6.98,83200.0,6.97,70100.0,6.96,58900.0,6.95,56000.0,7.0,17118.0,7.01,98500.0,7.02,50000.0,7.03,26400.0,7.04,44700.0,3570000
6.99,121200.0,6.98,83200.0,6.97,70100.0,6.96,58900.0,6.95,56000.0,7.0,16318.0,7.01,98500.0,7.02,50000.0,7.03,26400.0,7.04,44700.0,3573000
6.99,120800.0,6.98,83200.0,6.97,70100.0,6.96,58900.0,6.95,56000.0,7.0,13318.0,7.01,98500.0,7.02,50000.0,7.03,26400.0,7.04,44700.0,3576000
6.99,120500.0,6.98,83200.0,6.97,70100.0,6.96,58900.0,6.95,56000.0,7.0,13218.0,7.01,98500.0,7.02,50000.0,7.03,26400.0,7.04,44700.0,3579000
6.99,120600.0,6.98,83200.0,6.97,70100.0,6.96,58900.0,6.95,56000.0,7.0,13218.0,7.01,98500.0,7.02,50000.0,7.03,26400.0,7.04,44700.0,3588000
6.99,120100.0,6.98,83200.0,6.97,70100.0,6.96,58900.0,6.95,56000.0,7.0,13218.0,7.01,96500.0,7.02,50000.0,7.03,26400.0,7.04,44700.0,3591000
6.99,119800.0,6.98,83200.0,6.97,70100.0,6.96,58900.0,6.95,56000.0,7.0,13118.0,7.01,96500.0,7.02,50000.0,7.03,26400.0,7.04,44700.0,3594000
6.99,119700.0,6.98,83200.0,6.97,70100.0,6.96,58900.0,6.95,56000.0,7.0,13118.0,7.01,96500.0,7.02,50000.0,7.03,26400.0,7.04,44700.0,3597000
6.99,119600.0,6.98,83200.0,6.97,70100.0,6.96,58900.0,6.95,56000.0,7.0,13018.0,7.01,96500.0,7.02,50000.0,7.03,26400.0,7.04,44700.0,3603000
6.99,116500.0,6.98,83200.0,6.97,70100.0,6.96,58900.0,6.95,56000.0,7.0,12818.0,7.01,96500.0,7.02,50000.0,7.03,26400.0,7.04,44700.0,3606000
6.99,116400.0,6.98,83200.0,6.97,70100.0,6.96,58900.0,6.95,56000.0,7.0,12818.0,7.01,96500.0,7.02,50000.0,7.03,26400.0,7.04,44700.0,3609000
6.99,116500.0,6.98,83200.0,6.97,70100.0,6.96,58900.0,6.95,56000.0,7.0,12818.0,7.01,96500.0,7.02,50000.0,7.03,26400.0,7.04,44700.0,3615000
6.99,116200.0,6.98,83200.0,6.97,70100.0,6.96,58900.0,6.95,56000.0,7.0,12818.0,7.01,96500.0,7.02,50000.0,7.03,26400.0,7.04,44700.0,3618000
6.99,116300.0,6.98,83200.0,6.97,70100.0,6.96,58900.0,6.95,56000.0,7.0,12818.0,7.01,96500.0,7.02,50000.0,7.03,26400.0,7.04,44700.0,3624000
6.99,116300.0,6.98,83200.0,6.97,70100.0,6.96,58900.0,6.95,56000.0,7.0,15918.0,7.01,96500.0,7.02,50000.0,7.03,26400.0,7.04,44700.0,3630000
6.99,116200.0,6.98,83200.0,6.97,70100.0,6.96,58900.0,6.95,56000.0,7.0,15918.0,7.01,96500.0,7.02,50000.0,7.03,26400.0,7.04,44700.0,3636000
6.99,116300.0,6.98,83200.0,6.97,70100.0,6.96,58900.0,6.95,56000.0,7.0,13918.0,7.01,96500.0,7.02,50000.0,7.03,26400.0,7.04,44700.0,3639000
6.99,118200.0,6.98,83200.0,6.97,70100.0,6.96,58900.0,6.95,56000.0,7.0,13818.0,7.01,96500.0,7.02,50000.0,7.03,26400.0,7.04,44700.0,3642000
6.99,118200.0,6.98,83200.0,6.97,70100.0,6.96,58900.0,6.95,56000.0,7.0,14518.0,7.01,96500.0,7.02,50000.0,7.03,26400.0,7.04,44700.0,3657000
6.99,118100.0,6.98,83200.0,6.97,70100.0,6.96,58900.0,6.95,56000.0,7.0,14518.0,7.01,96500.0,7.02,50000.0,7.03,26400.0,7.04,44700.0,3663000
6.99,118100.0,6.98,83200.0,6.97,70100.0,6.96,58900.0,6.95,56000.0,7.0,13718.0,7.01,96500.0,7.02,50000.0,7.03,26400.0,7.04,44700.0,3669000
6.99,118100.0,6.98,83200.0,6.97,70100.0,6.96,58900.0,6.95,56000.0,7.0,12818.0,7.01,96500.0,7.02,50000.0,7.03,26400.0,7.04,44700.0,3672000
6.99,118100.0,6.98,83200.0,6.97,70100.0,6.96,58900.0,6.95,56000.0,7.0,12718.0,7.01,96500.0,7.02,50000.0,7.03,26400.0,7.04,44700.0,3675000
6.99,118000.0,6.98,83200.0,6.97,70100.0,6.96,58900.0,6.95,56000.0,7.0,12818.0,7.01,96500.0,7.02,50000.0,7.03,26400.0,7.04,44700.0,3699000
6.99,118000.0,6.98,83200.0,6.97,70100.0,6.96,58900.0,6.95,56000.0,7.0,12818.0,7.01,96500.0,7.02,50000.0,7.03,26400.0,7.04,44700.0,3711000
6.99,117300.0,6.98,83200.0,6.97,70100.0,6.96,58900.0,6.95,56000.0,7.0,12818.0,7.01,96500.0,7.02,50000.0,7.03,26400.0,7.04,44700.0,3723000
6.99,117400.0,6.98,83200.0,6.97,70100.0,6.96,58900.0,6.95,56000.0,7.0,13318.0,7.01,96500.0,7.02,50000.0,7.03,26400.0,7.04,44700.0,3726000
6.99,117000.0,6.98,83200.0,6.97,70100.0,6.96,58900.0,6.95,56000.0,7.0,13318.0,7.01,96500.0,7.02,50000.0,7.03,26400.0,7.04,44700.0,3729000
6.99,117000.0,6.98,83200.0,6.97,70100.0,6.96,58900.0,6.95,56000.0,7.0,11418.0,7.01,96500.0,7.02,50000.0,7.03,26400.0,7.04,44700.0,3738000
6.99,116800.0,6.98,83200.0,6.97,70100.0,6.96,58900.0,6.95,56000.0,7.0,11218.0,7.01,96500.0,7.02,50000.0,7.03,26400.0,7.04,44700.0,3744000
6.99,116700.0,6.98,83200.0,6.97,70100.0,6.96,58900.0,6.95,56000.0,7.0,11418.0,7.01,96500.0,7.02,50000.0,7.03,26400.0,7.04,44700.0,3747000
6.99,116300.0,6.98,83200.0,6.97,70100.0,6.96,58900.0,6.95,56000.0,7.0,11518.0,7.01,96500.0,7.02,50000.0,7.03,26400.0,7.04,44700.0,3750000
6.99,117700.0,6.98,83200.0,6.97,70100.0,6.96,58900.0,6.95,56000.0,7.0,11518.0,7.01,96500.0,7.02,50000.0,7.03,26400.0,7.04,44700.0,3762000
6.99,117300.0,6.98,83200.0,6.97,70100.0,6.96,58900.0,6.95,56000.0,7.0,11518.0,7.01,96500.0,7.02,50000.0,7.03,26400.0,7.04,44700.0,3768000
6.99,117000.0,6.98,83200.0,6.97,70100.0,6.96,58900.0,6.95,56000.0,7.0,11518.0,7.01,96500.0,7.02,50000.0,7.03,26400.0,7.04,44700.0,3780000
6.99,117100.0,6.98,83200.0,6.97,70100.0,6.96,58900.0,6.95,56000.0,7.0,8918.0,7.01,96500.0,7.02,50000.0,7.03,26400.0,7.04,44700.0,3789000
6.99,117100.0,6.98,83200.0,6.97,70100.0,6.96,58900.0,6.95,56000.0,7.0,8618.0,7.01,96500.0,7.02,50000.0,7.03,26400.0,7.04,44700.0,3792000
6.99,117200.0,6.98,83200.0,6.97,70100.0,6.96,58900.0,6.95,56000.0,7.0,8618.0,7.01,96500.0,7.02,50000.0,7.03,26400.0,7.04,44700.0,3795000
6.99,117200.0,6.98,83200.0,6.97,70100.0,6.96,58900.0,6.95,56000.0,7.0,8218.0,7.01,96500.0,7.02,50000.0,7.03,26400.0,7.04,44700.0,3798000
6.99,117200.0,6.98,83200.0,6.97,70100.0,6.96,58900.0,6.95,56000.0,7.0,7618.0,7.01,96500.0,7.02,50000.0,7.03,26400.0,7.04,44700.0,3801000
6.99,117200.0,6.98,83200.0,6.97,70100.0,6.96,58900.0,6.95,56000.0,7.0,4618.0,7.01,96500.0,7.02,50000.0,7.03,26400.0,7.04,44700.0,3807000
6.99,117200.0,6.98,83200.0,6.97,70100.0,6.96,58900.0,6.95,56000.0,7.0,3518.0,7.01,96500.0,7.02,50000.0,7.03,26400.0,7.04,44700.0,3813000
6.99,116700.0,6.98,83200.0,6.97,70100.0,6.96,58900.0,6.95,56000.0,7.0,3418.0,7.01,96500.0,7.02,50000.0,7.03,26400.0,7.04,44700.0,3816000
6.99,115900.0,6.98,83200.0,6.97,70100.0,6.96,58900.0,6.95,56000.0,7.0,3618.0,7.01,96500.0,7.02,50000.0,7.03,26400.0,7.04,44700.0,3819000
6.99,115100.0,6.98,83200.0,6.97,70100.0,6.96,58900.0,6.95,56000.0,7.0,3618.0,7.01,96500.0,7.02,50000.0,7.03,26400.0,7.04,44700.0,3822000
6.99,114300.0,6.98,83200.0,6.97,70100.0,6.96,58900.0,6.95,56000.0,7.0,3618.0,7.01,96500.0,7.02,50000.0,7.03,26400.0,7.04,44700.0,3825000
6.99,112600.0,6.98,83200.0,6.97,70100.0,6.96,61900.0,6.95,56000.0,7.0,8618.0,7.01,96500.0,7.02,50000.0,7.03,26400.0,7.04,44700.0,3828000
6.99,112300.0,6.98,83200.0,6.97,70100.0,6.96,61900.0,6.95,56000.0,7.0,8618.0,7.01,96500.0,7.02,50000.0,7.03,26400.0,7.04,44700.0,3834000
6.99,111600.0,6.98,83200.0,6.97,70100.0,6.96,61900.0,6.95,56000.0,7.0,8618.0,7.01,96500.0,7.02,50000.0,7.03,26400.0,7.04,44700.0,3837000
6.99,111600.0,6.98,83200.0,6.97,70100.0,6.96,61900.0,6.95,56000.0,7.0,9018.0,7.01,96500.0,7.02,50000.0,7.03,26400.0,7.04,44700.0,3840000
6.99,110800.0,6.98,83200.0,6.97,70100.0,6.96,61900.0,6.95,56000.0,7.0,9018.0,7.01,96500.0,7.02,50000.0,7.03,26400.0,7.04,44700.0,3843000
6.99,109500.0,6.98,83200.0,6.97,70100.0,6.96,61900.0,6.95,56000.0,7.0,9018.0,7.01,96500.0,7.02,50000.0,7.03,26400.0,7.04,44700.0,3846000
6.99,107100.0,6.98,83200.0,6.97,70100.0,6.96,61900.0,6.95,56000.0,7.0,12118.0,7.01,96500.0,7.02,50000.0,7.03,26400.0,7.04,44700.0,3852000
6.99,107100.0,6.98,83200.0,6.97,70100.0,6.96,61900.0,6.95,56000.0,7.0,12218.0,7.01,96500.0,7.02,50000.0,7.03,26400.0,7.04,44700.0,3855000
6.99,106800.0,6.98,83200.0,6.97,70100.0,6.96,61900.0,6.95,56000.0,7.0,12718.0,7.01,96500.0,7.02,50000.0,7.03,26400.0,7.04,44700.0,3858000
6.99,106500.0,6.98,83200.0,6.97,70100.0,6.96,61900.0,6.95,56000.0,7.0,12518.0,7.01,96500.0,7.02,50000.0,7.03,26400.0,7.04,44700.0,3861000
6.99,106500.0,6.98,83200.0,6.97,70100.0,6.96,61900.0,6.95,56000.0,7.0,12618.0,7.01,96500.0,7.02,50000.0,7.03,36400.0,7.04,44700.0,3867000
6.99,106700.0,6.98,83200.0,6.97,70100.0,6.96,61900.0,6.95,56000.0,7.0,12118.0,7.01,96500.0,7.02,50000.0,7.03,36400.0,7.04,44700.0,3870000
6.99,106700.0,6.98,83200.0,6.97,70100.0,6.96,61900.0,6.95,56000.0,7.0,11518.0,7.01,96500.0,7.02,50000.0,7.03,36400.0,7.04,44700.0,3879000
6.99,109800.0,6.98,83200.0,6.97,70100.0,6.96,61900.0,6.95,56000.0,7.0,11518.0,7.01,96500.0,7.02,50000.0,7.03,36400.0,7.04,44700.0,3882000
6.99,109600.0,6.98,83200.0,6.97,70100.0,6.96,61900.0,6.95,56000.0,7.0,11518.0,7.01,96500.0,7.02,50000.0,7.03,36400.0,7.04,44700.0,3885000
6.99,109600.0,6.98,83200.0,6.97,70100.0,6.96,61900.0,6.95,56000.0,7.0,11418.0,7.01,96500.0,7.02,50000.0,7.03,36400.0,7.04,44700.0,3894000
6.99,108900.0,6.98,83200.0,6.97,70100.0,6.96,61900.0,6.95,56000.0,7.0,11418.0,7.01,96500.0,7.02,50000.0,7.03,36400.0,7.04,44700.0,3897000
6.99,108900.0,6.98,83200.0,6.97,70100.0,6.96,61900.0,6.95,56000.0,7.0,11418.0,7.01,96500.0,7.02,50000.0,7.03,36400.0,7.04,44700.0,3900000
6.99,108800.0,6.98,83200.0,6.97,70100.0,6.96,61900.0,6.95,56000.0,7.0,11418.0,7.01,96500.0,7.02,50000.0,7.03,36400.0,7.04,44700.0,3903000
6.99,108800.0,6.98,83200.0,6.97,70100.0,6.96,61900.0,6.95,56000.0,7.0,11318.0,7.01,96500.0,7.02,50000.0,7.03,36400.0,7.04,44700.0,3906000
6.99,108700.0,6.98,83200.0,6.97,70100.0,6.96,61900.0,6.95,56000.0,7.0,11318.0,7.01,96500.0,7.02,50000.0,7.03,36400.0,7.04,44700.0,3912000
6.99,107500.0,6.98,83200.0,6.97,70100.0,6.96,61900.0,6.95,56000.0,7.0,11318.0,7.01,96500.0,7.02,50000.0,7.03,36400.0,7.04,44700.0,3918000
6.99,107300.0,6.98,83200.0,6.97,70100.0,6.96,61900.0,6.95,56000.0,7.0,11318.0,7.01,96500.0,7.02,50000.0,7.03,36400.0,7.04,44700.0,3921000
6.99,106800.0,6.98,83200.0,6.97,70100.0,6.96,61900.0,6.95,56000.0,7.0,11318.0,7.01,96500.0,7.02,50000.0,7.03,36400.0,7.04,44700.0,3930000
6.99,106600.0,6.98,83200.0,6.97,70100.0,6.96,61900.0,6.95,56000.0,7.0,11618.0,7.01,96500.0,7.02,50000.0,7.03,36400.0,7.04,44700.0,3933000
6.99,106500.0,6.98,83200.0,6.97,70100.0,6.96,61900.0,6.95,56000.0,7.0,11418.0,7.01,96500.0,7.02,50000.0,7.03,36400.0,7.04,44700.0,3936000
6.99,106700.0,6.98,83200.0,6.97,70100.0,6.96,61900.0,6.95,56000.0,7.0,11618.0,7.01,96500.0,7.02,50000.0,7.03,36400.0,7.04,44700.0,3939000
6.99,106500.0,6.98,83200.0,6.97,70100.0,6.96,61900.0,6.95,56000.0,7.0,11618.0,7.01,96500.0,7.02,50000.0,7.03,36400.0,7.04,44700.0,3942000
6.99,106500.0,6.98,83200.0,6.97,70100.0,6.96,61900.0,6.95,56000.0,7.0,12418.0,7.01,96500.0,7.02,50000.0,7.03,36400.0,7.04,44700.0,3945000
6.99,106200.0,6.98,83200.0,6.97,70100.0,6.96,61900.0,6.95,56000.0,7.0,12318.0,7.01,96500.0,7.02,50000.0,7.03,36400.0,7.04,44700.0,3957000
6.99,105900.0,6.98,83200.0,6.97,70100.0,6.96,61900.0,6.95,56000.0,7.0,12318.0,7.01,96500.0,7.02,50000.0,7.03,36400.0,7.04,44700.0,3960000
6.99,106100.0,6.98,83200.0,6.97,70100.0,6.96,61900.0,6.95,56000.0,7.0,15218.0,7.01,96500.0,7.02,50000.0,7.03,36400.0,7.04,44700.0,3963000
6.99,105600.0,6.98,83200.0,6.97,70100.0,6.96,61900.0,6.95,56000.0,7.0,15218.0,7.01,96500.0,7.02,50000.0,7.03,36400.0,7.04,44700.0,3966000
6.99,105200.0,6.98,83200.0,6.97,70100.0,6.96,61900.0,6.95,56000.0,7.0,15218.0,7.01,96500.0,7.02,50000.0,7.03,36400.0,7.04,44700.0,3972000
6.99,105100.0,6.98,83200.0,6.97,70100.0,6.96,61900.0,6.95,56000.0,7.0,15818.0,7.01,96500.0,7.02,50000.0,7.03,36400.0,7.04,44700.0,3975000
6.99,104700.0,6.98,83200.0,6.97,70100.0,6.96,61900.0,6.95,56000.0,7.0,15818.0,7.01,96500.0,7.02,50000.0,7.03,36400.0,7.04,44700.0,3984000
6.99,104500.0,6.98,83200.0,6.97,70100.0,6.96,61900.0,6.95,56000.0,7.0,15818.0,7.01,96500.0,7.02,50000.0,7.03,36400.0,7.04,44700.0,3987000
6.99,104100.0,6.98,83200.0,6.97,70100.0,6.96,61900.0,6.95,56000.0,7.0,15818.0,7.01,96500.0,7.02,50000.0,7.03,36400.0,7.04,44700.0,3993000
6.99,102400.0,6.98,83200.0,6.97,70100.0,6.96,61900.0,6.95,56000.0,7.0,16018.0,7.01,96500.0,7.02,50000.0,7.03,36400.0,7.04,44700.0,3996000
6.99,102200.0,6.98,83200.0,6.97,70100.0,6.96,61900.0,6.95,56000.0,7.0,16618.0,7.01,96500.0,7.02,50000.0,7.03,36400.0,7.04,44700.0,3999000
6.99,101500.0,6.98,83200.0,6.97,70100.0,6.96,61900.0,6.95,56000.0,7.0,16618.0,7.01,96500.0,7.02,50000.0,7.03,36400.0,7.04,44700.0,4002000
6.99,101400.0,6.98,83200.0,6.97,70100.0,6.96,61900.0,6.95,56000.0,7.0,16618.0,7.01,96500.0,7.02,50000.0,7.03,36400.0,7.04,44700.0,4005000
6.99,101400.0,6.98,83200.0,6.97,70100.0,6.96,61900.0,6.95,56000.0,7.0,16618.0,7.01,96500.0,7.02,50000.0,7.03,36400.0,7.04,44700.0,4011000
6.99,101300.0,6.98,83200.0,6.97,70100.0,6.96,61900.0,6.95,56000.0,7.0,16618.0,7.01,96500.0,7.02,50000.0,7.03,36400.0,7.04,44700.0,4014000
6.99,101400.0,6.98,83200.0,6.97,70100.0,6.96,61900.0,6.95,56000.0,7.0,16618.0,7.01,96500.0,7.02,50000.0,7.03,36400.0,7.04,44700.0,4023000
6.99,101400.0,6.98,83200.0,6.97,70100.0,6.96,61900.0,6.95,56000.0,7.0,16418.0,7.01,96500.0,7.02,50000.0,7.03,36400.0,7.04,44700.0,4029000
6.99,101300.0,6.98,83200.0,6.97,70100.0,6.96,61900.0,6.95,56000.0,7.0,16418.0,7.01,96500.0,7.02,50000.0,7.03,36400.0,7.04,44700.0,4032000
6.99,101100.0,6.98,83200.0,6.97,70100.0,6.96,61900.0,6.95,56000.0,7.0,16418.0,7.01,96500.0,7.02,50000.0,7.03,36400.0,7.04,44700.0,4035000
6.99,100900.0,6.98,83200.0,6.97,70100.0,6.96,61900.0,6.95,56000.0,7.0,16418.0,7.01,96500.0,7.02,50000.0,7.03,36400.0,7.04,44700.0,4047000
6.99,100800.0,6.98,83200.0,6.97,70100.0,6.96,61900.0,6.95,56000.0,7.0,16318.0,7.01,96500.0,7.02,50000.0,7.03,36400.0,7.04,44700.0,4050000
6.99,100800.0,6.98,83200.0,6.97,70100.0,6.96,61900.0,6.95,56000.0,7.0,16418.0,7.01,96500.0,7.02,50000.0,7.03,36400.0,7.04,44700.0,4053000
6.99,100800.0,6.98,83200.0,6.97,70100.0,6.96,61900.0,6.95,56000.0,7.0,16418.0,7.01,96500.0,7.02,50000.0,7.03,36400.0,7.04,44700.0,4056000
6.99,100800.0,6.98,83200.0,6.97,70100.0,6.96,61900.0,6.95,56000.0,7.0,48618.0,7.01,96500.0,7.02,50000.0,7.03,36400.0,7.04,44700.0,4059000
6.99,100500.0,6.98,83200.0,6.97,70100.0,6.96,61900.0,6.95,56000.0,7.0,49018.0,7.01,96500.0,7.02,50000.0,7.03,36400.0,7.04,44700.0,4062000
6.99,99900.0,6.98,83200.0,6.97,70100.0,6.96,61900.0,6.95,56000.0,7.0,49018.0,7.01,96500.0,7.02,50000.0,7.03,36400.0,7.04,44700.0,4068000
6.99,99800.0,6.98,83200.0,6.97,70100.0,6.96,61900.0,6.95,56000.0,7.0,52118.0,7.01,96500.0,7.02,50000.0,7.03,36400.0,7.04,44700.0,4071000
6.99,99700.0,6.98,83200.0,6.97,70100.0,6.96,61900.0,6.95,56000.0,7.0,52118.0,7.01,96500.0,7.02,50000.0,7.03,36400.0,7.04,44700.0,4074000
6.99,99600.0,6.98,83200.0,6.97,70100.0,6.96,61900.0,6.95,56000.0,7.0,52118.0,7.01,96500.0,7.02,50000.0,7.03,36400.0,7.04,44700.0,4077000
6.99,99600.0,6.98,83200.0,6.97,70100.0,6.96,61900.0,6.95,56000.0,7.0,52018.0,7.01,96500.0,7.02,50000.0,7.03,36400.0,7.04,44700.0,4080000
6.99,99600.0,6.98,83200.0,6.97,70100.0,6.96,61900.0,6.95,56000.0,7.0,51218.0,7.01,96500.0,7.02,50000.0,7.03,36400.0,7.04,44700.0,4086000
6.99,98400.0,6.98,83200.0,6.97,70100.0,6.96,61900.0,6.95,56000.0,7.0,48118.0,7.01,96500.0,7.02,50000.0,7.03,36400.0,7.04,44700.0,4089000
6.99,98300.0,6.98,83200.0,6.97,70100.0,6.96,61900.0,6.95,56000.0,7.0,48118.0,7.01,96500.0,7.02,50000.0,7.03,36400.0,7.04,44700.0,4092000
6.99,98400.0,6.98,83200.0,6.97,70100.0,6.96,61900.0,6.95,56000.0,7.0,48118.0,7.01,96500.0,7.02,50000.0,7.03,36400.0,7.04,44700.0,4095000
6.99,98400.0,6.98,83200.0,6.97,70100.0,6.96,61900.0,6.95,56000.0,7.0,51718.0,7.01,103300.0,7.02,50000.0,7.03,36400.0,7.04,44700.0,4101000
6.99,98400.0,6.98,83200.0,6.97,70100.0,6.96,61900.0,6.95,56000.0,7.0,52118.0,7.01,103300.0,7.02,50000.0,7.03,36400.0,7.04,44700.0,4110000
6.99,98200.0,6.98,83200.0,6.97,70100.0,6.96,61900.0,6.95,56000.0,7.0,52118.0,7.01,103300.0,7.02,50000.0,7.03,36400.0,7.04,44700.0,4113000
6.99,98300.0,6.98,83200.0,6.97,70100.0,6.96,61900.0,6.95,56000.0,7.0,52118.0,7.01,103300.0,7.02,50000.0,7.03,36400.0,7.04,44700.0,4116000
6.99,98300.0,6.98,83200.0,6.97,70100.0,6.96,61900.0,6.95,56000.0,7.0,52118.0,7.01,103300.0,7.02,50000.0,7.03,36400.0,7.04,44700.0,4119000
6.99,98400.0,6.98,83200.0,6.97,70100.0,6.96,61900.0,6.95,56000.0,7.0,52118.0,7.01,103300.0,7.02,50000.0,7.03,36400.0,7.04,44700.0,4122000
6.99,98300.0,6.98,83200.0,6.97,70100.0,6.96,61900.0,6.95,56000.0,7.0,52018.0,7.01,103300.0,7.02,50000.0,7.03,36400.0,7.04,44700.0,4128000
6.99,98300.0,6.98,83200.0,6.97,70100.0,6.96,61900.0,6.95,56000.0,7.0,52118.0,7.01,103300.0,7.02,50000.0,7.03,36400.0,7.04,44700.0,4134000
6.99,98200.0,6.98,83200.0,6.97,70100.0,6.96,61900.0,6.95,56000.0,7.0,52118.0,7.01,103300.0,7.02,50000.0,7.03,36400.0,7.04,44700.0,4137000
6.99,98100.0,6.98,83200.0,6.97,70100.0,6.96,61900.0,6.95,56000.0,7.0,52118.0,7.01,103300.0,7.02,50000.0,7.03,36400.0,7.04,44700.0,4140000
6.99,98200.0,6.98,83200.0,6.97,70100.0,6.96,61900.0,6.95,56000.0,7.0,52118.0,7.01,103300.0,7.02,50000.0,7.03,36400.0,7.04,44700.0,4143000
6.99,98300.0,6.98,83200.0,6.97,70100.0,6.96,61900.0,6.95,56000.0,7.0,52118.0,7.01,103300.0,7.02,50000.0,7.03,36400.0,7.04,44700.0,4146000
6.99,98400.0,6.98,83200.0,6.97,70100.0,6.96,61900.0,6.95,56000.0,7.0,52118.0,7.01,103300.0,7.02,50000.0,7.03,36400.0,7.04,44700.0,4149000
6.99,98400.0,6.98,83200.0,6.97,70100.0,6.96,61900.0,6.95,56000.0,7.0,52918.0,7.01,103300.0,7.02,50000.0,7.03,36400.0,7.04,44700.0,4164000
6.99,98200.0,6.98,83200.0,6.97,70100.0,6.96,61900.0,6.95,56000.0,7.0,52918.0,7.01,103300.0,7.02,50000.0,7.03,36400.0,7.04,44700.0,4167000
6.99,98200.0,6.98,83200.0,6.97,70100.0,6.96,61900.0,6.95,56000.0,7.0,52918.0,7.01,103300.0,7.02,50000.0,7.03,36400.0,7.04,44700.0,4170000
6.99,98100.0,6.98,83200.0,6.97,70100.0,6.96,61900.0,6.95,56000.0,7.0,52918.0,7.01,103300.0,7.02,50000.0,7.03,36400.0,7.04,44700.0,4173000
6.99,98200.0,6.98,83200.0,6.97,70100.0,6.96,61900.0,6.95,56000.0,7.0,53118.0,7.01,103300.0,7.02,50000.0,7.03,36400.0,7.04,44700.0,4176000
6.99,98200.0,6.98,83200.0,6.97,70100.0,6.96,61900.0,6.95,56000.0,7.0,53518.0,7.01,103300.0,7.02,50000.0,7.03,36400.0,7.04,44700.0,4179000
6.99,98200.0,6.98,83200.0,6.97,70100.0,6.96,61900.0,6.95,56000.0,7.0,53318.0,7.01,103300.0,7.02,50000.0,7.03,36400.0,7.04,44700.0,4188000
6.99,98000.0,6.98,83200.0,6.97,70100.0,6.96,61900.0,6.95,56000.0,7.0,53218.0,7.01,103300.0,7.02,50000.0,7.03,36400.0,7.04,44700.0,4191000
6.99,98100.0,6.98,83200.0,6.97,70100.0,6.96,61900.0,6.95,56000.0,7.0,53218.0,7.01,103300.0,7.02,50000.0,7.03,36400.0,7.04,44700.0,4194000
6.99,98100.0,6.98,83200.0,6.97,70100.0,6.96,61900.0,6.95,56000.0,7.0,51718.0,7.01,103300.0,7.02,50000.0,7.03,36400.0,7.04,44700.0,4200000
6.99,98100.0,6.98,83200.0,6.97,70100.0,6.96,61900.0,6.95,56000.0,7.0,51618.0,7.01,103300.0,7.02,50000.0,7.03,36400.0,7.04,44700.0,4206000
6.99,98100.0,6.98,83200.0,6.97,70100.0,6.96,61900.0,6.95,56000.0,7.0,51718.0,7.01,103300.0,7.02,50000.0,7.03,36400.0,7.04,44700.0,4209000
6.99,98000.0,6.98,83200.0,6.97,70100.0,6.96,61900.0,6.95,56000.0,7.0,51718.0,7.01,103300.0,7.02,50000.0,7.03,36400.0,7.04,44700.0,4212000
6.99,98100.0,6.98,83200.0,6.97,70100.0,6.96,61900.0,6.95,56000.0,7.0,51718.0,7.01,103300.0,7.02,50000.0,7.03,36400.0,7.04,44700.0,4215000
6.99,98000.0,6.98,83200.0,6.97,70100.0,6.96,61900.0,6.95,56000.0,7.0,51718.0,7.01,103300.0,7.02,50000.0,7.03,36400.0,7.04,44700.0,4257000
6.99,97700.0,6.98,83200.0,6.97,70100.0,6.96,61900.0,6.95,56000.0,7.0,51718.0,7.01,103300.0,7.02,50000.0,7.03,36400.0,7.04,44700.0,4260000
6.99,97800.0,6.98,83200.0,6.97,70100.0,6.96,61900.0,6.95,56000.0,7.0,51818.0,7.01,103300.0,7.02,50000.0,7.03,36400.0,7.04,44700.0,4266000
6.99,87800.0,6.98,83200.0,6.97,70100.0,6.96,61900.0,6.95,56000.0,7.0,52418.0,7.01,103300.0,7.02,50000.0,7.03,36400.0,7.04,44700.0,4284000
6.99,87700.0,6.98,83200.0,6.97,70100.0,6.96,61900.0,6.95,56000.0,7.0,52318.0,7.01,103300.0,7.02,50000.0,7.03,36400.0,7.04,44700.0,4287000
6.99,87700.0,6.98,83200.0,6.97,70100.0,6.96,61900.0,6.95,56000.0,7.0,52218.0,7.01,103300.0,7.02,50000.0,7.03,36400.0,7.04,44700.0,4290000
6.99,87800.0,6.98,83200.0,6.97,70100.0,6.96,61900.0,6.95,56000.0,7.0,52418.0,7.01,103300.0,7.02,50000.0,7.03,36400.0,7.04,44700.0,4296000
6.99,137800.0,6.98,83200.0,6.97,70100.0,6.96,61900.0,6.95,56000.0,7.0,52318.0,7.01,103300.0,7.02,50000.0,7.03,36400.0,7.04,44700.0,4299000
6.99,137500.0,6.98,83200.0,6.97,70100.0,6.96,61900.0,6.95,56000.0,7.0,52318.0,7.01,103300.0,7.02,50000.0,7.03,36400.0,7.04,44700.0,4302000
6.99,137500.0,6.98,83200.0,6.97,70100.0,6.96,61900.0,6.95,56000.0,7.0,52418.0,7.01,103300.0,7.02,50000.0,7.03,36400.0,7.04,44700.0,4305000
6.99,137500.0,6.98,83200.0,6.97,70600.0,6.96,61900.0,6.95,56000.0,7.0,52418.0,7.01,103300.0,7.02,50000.0,7.03,36400.0,7.04,44700.0,4323000
6.99,136900.0,6.98,83200.0,6.97,70600.0,6.96,61900.0,6.95,56000.0,7.0,52418.0,7.01,103300.0,7.02,50000.0,7.03,36400.0,7.04,44700.0,4326000
6.99,137000.0,6.98,83200.0,6.97,70600.0,6.96,61900.0,6.95,56000.0,7.0,49418.0,7.01,103300.0,7.02,50000.0,7.03,36400.0,7.04,44700.0,4329000
6.99,123700.0,6.98,83200.0,6.97,70600.0,6.96,61900.0,6.95,56000.0,7.0,39518.0,7.01,103300.0,7.02,50000.0,7.03,36400.0,7.04,44700.0,4332000
6.99,122600.0,6.98,83200.0,6.97,70600.0,6.96,61900.0,6.95,56000.0,7.0,39118.0,7.01,103300.0,7.02,50000.0,7.03,36400.0,7.04,44700.0,4335000
6.99,122600.0,6.98,83200.0,6.97,70600.0,6.96,61900.0,6.95,56000.0,7.0,39118.0,7.01,103300.0,7.02,50000.0,7.03,36400.0,7.04,44700.0,4347000
6.99,122500.0,6.98,83200.0,6.97,70600.0,6.96,61900.0,6.95,56000.0,7.0,39118.0,7.01,103300.0,7.02,50000.0,7.03,36400.0,7.04,44700.0,4350000
6.99,122600.0,6.98,83200.0,6.97,70600.0,6.96,61900.0,6.95,56000.0,7.0,39118.0,7.01,103300.0,7.02,50000.0,7.03,36400.0,7.04,44700.0,4353000
6.99,122600.0,6.98,83200.0,6.97,70600.0,6.96,61900.0,6.95,56000.0,7.0,38818.0,7.01,103300.0,7.02,50000.0,7.03,36400.0,7.04,44700.0,4356000
6.99,122600.0,6.98,83200.0,6.97,70600.0,6.96,61900.0,6.95,56000.0,7.0,38418.0,7.01,103300.0,7.02,50000.0,7.03,36400.0,7.04,44700.0,4362000
6.99,122600.0,6.98,83200.0,6.97,70600.0,6.96,61900.0,6.95,56000.0,7.0,38218.0,7.01,103300.0,7.02,50000.0,7.03,36400.0,7.04,44700.0,4365000
6.99,122300.0,6.98,83200.0,6.97,70600.0,6.96,61900.0,6.95,56000.0,7.0,38218.0,7.01,103300.0,7.02,50000.0,7.03,36400.0,7.04,44700.0,4380000
6.99,122200.0,6.98,83200.0,6.97,70600.0,6.96,61900.0,6.95,56000.0,7.0,37318.0,7.01,103300.0,7.02,50000.0,7.03,36400.0,7.04,44700.0,4383000
6.99,122300.0,6.98,83200.0,6.97,70600.0,6.96,61900.0,6.95,56000.0,7.0,37018.0,7.01,103300.0,7.02,50000.0,7.03,36400.0,7.04,44700.0,4386000
6.99,122200.0,6.98,83200.0,6.97,70600.0,6.96,67700.0,6.95,56000.0,7.0,29718.0,7.01,103300.0,7.02,50000.0,7.03,36400.0,7.04,44700.0,4407000
