BidPrice1,BidVolume1,BidPrice2,BidVolume2,BidPrice3,BidVolume3,BidPrice4,BidVolume4,BidPrice5,BidVolume5,AskPrice1,AskVolume1,AskPrice2,AskVolume2,AskPrice3,AskVolume3,AskPrice4,AskVolume4,AskPrice5,AskVolume5,timeMs
8.35,1500.0,8.33,14200.0,8.32,11500.0,8.31,44600.0,8.3,68800.0,8.36,59900.0,8.37,2000.0,8.38,43500.0,8.39,32200.0,8.4,249500.0,900000
8.34,5700.0,8.33,22100.0,8.32,24500.0,8.31,55700.0,8.3,88000.0,8.35,300.0,8.36,38200.0,8.37,5500.0,8.38,55500.0,8.39,52200.0,903000
8.33,22100.0,8.32,26600.0,8.31,58700.0,8.3,93200.0,8.29,9000.0,8.35,1600.0,8.36,29700.0,8.37,11700.0,8.38,56000.0,8.39,62700.0,906000
8.34,200.0,8.33,22100.0,8.32,26600.0,8.31,58700.0,8.3,95500.0,8.36,20500.0,8.37,11700.0,8.38,56000.0,8.39,62700.0,8.4,181200.0,909000
8.33,22200.0,8.32,26600.0,8.31,60300.0,8.3,94800.0,8.29,8900.0,8.34,3500.0,8.35,5800.0,8.36,21100.0,8.37,11700.0,8.38,56000.0,912000
8.33,16400.0,8.32,26600.0,8.31,60800.0,8.3,94800.0,8.29,8900.0,8.34,10900.0,8.35,6700.0,8.36,12700.0,8.37,11700.0,8.38,56000.0,915000
8.31,62100.0,8.3,94800.0,8.29,8900.0,8.28,38500.0,8.27,35600.0,8.32,1200.0,8.33,8600.0,8.34,16700.0,8.35,6700.0,8.36,12700.0,918000
8.31,61600.0,8.3,94800.0,8.29,8900.0,8.28,38500.0,8.27,35600.0,8.33,300.0,8.34,500.0,8.35,6700.0,8.36,12700.0,8.37,12800.0,921000
8.31,14600.0,8.3,94800.0,8.29,8900.0,8.28,38500.0,8.27,35600.0,8.35,6700.0,8.36,12700.0,8.37,12800.0,8.38,56000.0,8.39,63700.0,924000
8.31,12000.0,8.3,94800.0,8.29,8900.0,8.28,38500.0,8.27,35600.0,8.34,100.0,8.35,6700.0,8.36,12700.0,8.37,84000.0,8.38,56000.0,927000
8.33,300.0,8.32,9300.0,8.31,11500.0,8.3,94600.0,8.29,9400.0,8.35,6600.0,8.36,13100.0,8.37,84000.0,8.38,56000.0,8.39,63600.0,930000
8.32,9300.0,8.31,16500.0,8.3,95600.0,8.29,8500.0,8.28,38500.0,8.34,8100.0,8.35,6600.0,8.36,14100.0,8.37,84000.0,8.38,56000.0,933000
8.32,9300.0,8.31,17500.0,8.3,95900.0,8.29,8500.0,8.28,38500.0,8.34,8100.0,8.35,6600.0,8.36,14100.0,8.37,84000.0,8.38,56000.0,936000
8.33,4000.0,8.32,9300.0,8.31,20000.0,8.3,95900.0,8.29,8500.0,8.34,6200.0,8.35,6600.0,8.36,14100.0,8.37,84000.0,8.38,56000.0,939000
8.32,8000.0,8.31,20000.0,8.3,95900.0,8.29,8500.0,8.28,39100.0,8.34,6200.0,8.35,6600.0,8.36,14100.0,8.37,84000.0,8.38,26000.0,942000
8.33,3800.0,8.32,8000.0,8.31,21500.0,8.3,95500.0,8.29,8500.0,8.34,7900.0,8.35,15500.0,8.36,26100.0,8.37,84000.0,8.38,26300.0,945000
8.33,6200.0,8.32,8000.0,8.31,21500.0,8.3,95500.0,8.29,8500.0,8.34,6900.0,8.35,15500.0,8.36,26100.0,8.37,84000.0,8.38,16300.0,948000
8.33,6100.0,8.32,12600.0,8.31,21500.0,8.3,95500.0,8.29,8500.0,8.34,4900.0,8.35,17500.0,8.36,26100.0,8.37,84000.0,8.38,16300.0,951000
8.32,13100.0,8.31,21500.0,8.3,95600.0,8.29,8500.0,8.28,39100.0,8.33,300.0,8.34,4900.0,8.35,20800.0,8.36,26100.0,8.37,84000.0,954000
8.32,14100.0,8.31,21600.0,8.3,95600.0,8.29,8500.0,8.28,39100.0,8.34,4200.0,8.35,20900.0,8.36,26100.0,8.37,84000.0,8.38,16300.0,957000
8.32,14000.0,8.31,21600.0,8.3,95600.0,8.29,8500.0,8.28,34700.0,8.34,4400.0,8.35,20900.0,8.36,29100.0,8.37,84000.0,8.38,16300.0,960000
8.33,2500.0,8.32,14000.0,8.31,21600.0,8.3,95600.0,8.29,8500.0,8.34,6400.0,8.35,20900.0,8.36,29100.0,8.37,84000.0,8.38,16300.0,963000
8.33,5100.0,8.32,18100.0,8.31,21600.0,8.3,100000.0,8.29,8500.0,8.34,6400.0,8.35,20900.0,8.36,29100.0,8.37,84000.0,8.38,16300.0,966000
8.33,5400.0,8.32,18100.0,8.31,21600.0,8.3,95600.0,8.29,8500.0,8.34,6400.0,8.35,14500.0,8.36,30200.0,8.37,84000.0,8.38,16300.0,969000
8.33,5300.0,8.32,25100.0,8.31,21600.0,8.3,95800.0,8.29,8500.0,8.34,5900.0,8.35,14500.0,8.36,30200.0,8.37,84000.0,8.38,16300.0,972000
8.33,5300.0,8.32,25100.0,8.31,21600.0,8.3,95800.0,8.29,11400.0,8.34,1500.0,8.35,14500.0,8.36,30200.0,8.37,84000.0,8.38,16600.0,975000
8.33,2300.0,8.32,26100.0,8.31,21700.0,8.3,95800.0,8.29,6500.0,8.34,2200.0,8.35,14500.0,8.36,30200.0,8.37,84000.0,8.38,16600.0,978000
8.32,26100.0,8.31,20400.0,8.3,95800.0,8.29,6500.0,8.28,35500.0,8.33,5100.0,8.34,1800.0,8.35,14500.0,8.36,30200.0,8.37,84000.0,981000
8.33,5900.0,8.32,32000.0,8.31,20900.0,8.3,95800.0,8.29,6500.0,8.34,1800.0,8.35,14500.0,8.36,35200.0,8.37,84000.0,8.38,16600.0,984000
8.33,10800.0,8.32,33000.0,8.31,25900.0,8.3,94800.0,8.29,6500.0,8.34,3700.0,8.35,14500.0,8.36,35200.0,8.37,84000.0,8.38,16600.0,987000
8.33,13400.0,8.32,33000.0,8.31,25800.0,8.3,96700.0,8.29,6500.0,8.34,2700.0,8.35,14500.0,8.36,35200.0,8.37,84000.0,8.38,16600.0,990000
8.33,13400.0,8.32,33000.0,8.31,25800.0,8.3,96700.0,8.29,6500.0,8.34,2700.0,8.35,14500.0,8.36,35200.0,8.37,84000.0,8.38,20200.0,993000
8.33,20200.0,8.32,33000.0,8.31,28100.0,8.3,96700.0,8.29,6500.0,8.34,2100.0,8.35,17300.0,8.36,35200.0,8.37,84000.0,8.38,20200.0,996000
8.33,20200.0,8.32,33500.0,8.31,29400.0,8.3,99200.0,8.29,6500.0,8.35,18200.0,8.36,35200.0,8.37,84000.0,8.38,20200.0,8.39,60500.0,999000
8.33,20200.0,8.32,34800.0,8.31,29400.0,8.3,99200.0,8.29,6500.0,8.34,1400.0,8.35,17500.0,8.36,35200.0,8.37,84000.0,8.38,20200.0,1002000
8.33,21600.0,8.32,34800.0,8.31,29900.0,8.3,99200.0,8.29,6500.0,8.35,27500.0,8.36,35700.0,8.37,84000.0,8.38,20200.0,8.39,60500.0,1005000
8.34,1000.0,8.33,21600.0,8.32,36000.0,8.31,29900.0,8.3,99200.0,8.35,40000.0,8.36,35700.0,8.37,84000.0,8.38,19800.0,8.39,60500.0,1008000
8.33,21600.0,8.32,45800.0,8.31,29900.0,8.3,99400.0,8.29,6700.0,8.34,1200.0,8.35,39500.0,8.36,35700.0,8.37,12800.0,8.38,19800.0,1011000
8.33,21800.0,8.32,45800.0,8.31,29900.0,8.3,99400.0,8.29,6700.0,8.35,39700.0,8.36,35700.0,8.37,12800.0,8.38,19800.0,8.39,60500.0,1014000
8.34,500.0,8.33,21800.0,8.32,45800.0,8.31,29900.0,8.3,99400.0,8.35,39700.0,8.36,35700.0,8.37,12800.0,8.38,19800.0,8.39,60500.0,1017000
8.34,27100.0,8.32,45900.0,8.31,24900.0,8.3,99000.0,8.29,6700.0,8.35,30100.0,8.36,25700.0,8.37,12800.0,8.38,19800.0,8.39,60500.0,1020000
8.34,400.0,8.33,1400.0,8.32,45400.0,8.31,24900.0,8.3,99000.0,8.35,30100.0,8.36,24500.0,8.37,12800.0,8.38,19800.0,8.39,60500.0,1023000
8.33,3800.0,8.32,44900.0,8.31,24900.0,8.3,99000.0,8.29,6700.0,8.35,29300.0,8.36,24500.0,8.37,12800.0,8.38,19800.0,8.39,59500.0,1026000
8.34,2900.0,8.33,5700.0,8.32,45900.0,8.31,24900.0,8.3,99000.0,8.35,29000.0,8.36,24500.0,8.37,12800.0,8.38,19800.0,8.39,59500.0,1029000
8.34,5000.0,8.33,5700.0,8.32,41500.0,8.31,24900.0,8.3,99000.0,8.35,28700.0,8.36,24700.0,8.37,12800.0,8.38,19800.0,8.39,59500.0,1032000
8.34,14400.0,8.33,5700.0,8.32,43500.0,8.31,24900.0,8.3,99000.0,8.35,29800.0,8.36,24700.0,8.37,12800.0,8.38,19800.0,8.39,59500.0,1035000
8.34,36900.0,8.33,6200.0,8.32,43500.0,8.31,23900.0,8.3,99000.0,8.35,29800.0,8.36,24700.0,8.37,12800.0,8.38,19800.0,8.39,59500.0,1038000
8.34,36400.0,8.33,14600.0,8.32,43500.0,8.31,23900.0,8.3,100000.0,8.35,34200.0,8.36,24500.0,8.37,12800.0,8.38,19800.0,8.39,59500.0,1041000
8.34,38000.0,8.33,14600.0,8.32,43500.0,8.31,23900.0,8.3,100000.0,8.35,3100.0,8.36,24500.0,8.37,12800.0,8.38,19800.0,8.39,59500.0,1044000
8.34,43700.0,8.33,14600.0,8.32,43500.0,8.31,23900.0,8.3,100000.0,8.35,3100.0,8.36,24500.0,8.37,12800.0,8.38,20800.0,8.39,59500.0,1047000
8.34,44200.0,8.33,14600.0,8.32,38900.0,8.31,23900.0,8.3,100800.0,8.35,3100.0,8.36,24500.0,8.37,12800.0,8.38,20800.0,8.39,59500.0,1050000
8.34,43800.0,8.33,45600.0,8.32,38900.0,8.31,23900.0,8.3,100800.0,8.35,1300.0,8.36,24500.0,8.37,12800.0,8.38,20800.0,8.39,59500.0,1053000
8.34,53900.0,8.33,46100.0,8.32,38900.0,8.31,23900.0,8.3,100800.0,8.35,1100.0,8.36,24500.0,8.37,12800.0,8.38,20800.0,8.39,59500.0,1056000
8.34,50900.0,8.33,46100.0,8.32,38900.0,8.31,23900.0,8.3,100800.0,8.35,1100.0,8.36,24500.0,8.37,12800.0,8.38,20800.0,8.39,56500.0,1059000
8.34,50900.0,8.33,46400.0,8.32,36600.0,8.31,23900.0,8.3,100800.0,8.35,800.0,8.36,24500.0,8.37,12800.0,8.38,20800.0,8.39,56500.0,1062000
8.34,43100.0,8.33,46400.0,8.32,36100.0,8.31,20900.0,8.3,100800.0,8.35,700.0,8.36,24500.0,8.37,12800.0,8.38,20800.0,8.39,56500.0,1065000
8.33,46400.0,8.32,36100.0,8.31,20900.0,8.3,88800.0,8.29,6800.0,8.35,1800.0,8.36,27200.0,8.37,12800.0,8.38,20800.0,8.39,56500.0,1068000
8.33,43400.0,8.32,34100.0,8.31,20900.0,8.3,88800.0,8.29,6800.0,8.34,600.0,8.35,7300.0,8.36,27200.0,8.37,12800.0,8.38,20800.0,1071000
8.33,43400.0,8.32,34100.0,8.31,20900.0,8.3,88800.0,8.29,6800.0,8.34,800.0,8.35,8300.0,8.36,27200.0,8.37,12800.0,8.38,20800.0,1074000
8.33,44000.0,8.32,34100.0,8.31,21000.0,8.3,87900.0,8.29,6800.0,8.34,5500.0,8.35,8300.0,8.36,27200.0,8.37,12800.0,8.38,20800.0,1077000
8.33,55800.0,8.32,34100.0,8.31,21000.0,8.3,87900.0,8.29,6800.0,8.34,6200.0,8.35,8300.0,8.36,27200.0,8.37,12800.0,8.38,20800.0,1080000
8.32,32400.0,8.31,20500.0,8.3,87900.0,8.29,6800.0,8.28,39100.0,8.33,6600.0,8.34,10800.0,8.35,8300.0,8.36,27200.0,8.37,12800.0,1083000
8.32,32400.0,8.31,20500.0,8.3,87900.0,8.29,6800.0,8.28,39100.0,8.33,6000.0,8.34,10800.0,8.35,9000.0,8.36,27200.0,8.37,12800.0,1086000
8.32,37400.0,8.31,20500.0,8.3,87900.0,8.29,6800.0,8.28,39100.0,8.33,5400.0,8.34,10800.0,8.35,15700.0,8.36,25500.0,8.37,12800.0,1089000
8.32,39400.0,8.31,20500.0,8.3,88900.0,8.29,6800.0,8.28,39100.0,8.33,5400.0,8.34,10800.0,8.35,15200.0,8.36,25500.0,8.37,12800.0,1092000
8.32,30400.0,8.31,20500.0,8.3,89500.0,8.29,6800.0,8.28,39100.0,8.33,5300.0,8.34,14100.0,8.35,15200.0,8.36,25500.0,8.37,12800.0,1095000
8.32,28900.0,8.31,20500.0,8.3,89500.0,8.29,6800.0,8.28,39100.0,8.33,5900.0,8.34,14100.0,8.35,15200.0,8.36,25500.0,8.37,12800.0,1098000
8.32,28600.0,8.31,21000.0,8.3,90400.0,8.29,6800.0,8.28,39300.0,8.33,9000.0,8.34,14100.0,8.35,15200.0,8.36,25500.0,8.37,12800.0,1101000
8.32,35600.0,8.31,20500.0,8.3,90400.0,8.29,9800.0,8.28,39300.0,8.33,9200.0,8.34,14100.0,8.35,15200.0,8.36,25500.0,8.37,12800.0,1104000
8.32,46400.0,8.31,20500.0,8.3,90400.0,8.29,9800.0,8.28,39300.0,8.33,8300.0,8.34,14100.0,8.35,15200.0,8.36,25500.0,8.37,12800.0,1107000
8.32,46400.0,8.31,20500.0,8.3,90400.0,8.29,9800.0,8.28,41500.0,8.33,7800.0,8.34,13200.0,8.35,15500.0,8.36,25500.0,8.37,12800.0,1110000
8.32,46200.0,8.31,20500.0,8.3,90400.0,8.29,9800.0,8.28,41500.0,8.33,8700.0,8.34,13200.0,8.35,15500.0,8.36,25500.0,8.37,12800.0,1113000
8.32,34100.0,8.31,30500.0,8.3,90400.0,8.29,9800.0,8.28,41500.0,8.33,15500.0,8.34,13200.0,8.35,15500.0,8.36,25500.0,8.37,12800.0,1116000
8.32,34100.0,8.31,30500.0,8.3,90400.0,8.29,9800.0,8.28,41800.0,8.33,27200.0,8.34,13200.0,8.35,15500.0,8.36,25500.0,8.37,12800.0,1119000
8.32,34100.0,8.31,30500.0,8.3,90400.0,8.29,9800.0,8.28,41800.0,8.33,24500.0,8.34,13200.0,8.35,15500.0,8.36,25500.0,8.37,12800.0,1122000
8.32,22800.0,8.31,30500.0,8.3,90400.0,8.29,9800.0,8.28,41800.0,8.33,24500.0,8.34,13200.0,8.35,15500.0,8.36,25500.0,8.37,12800.0,1125000
8.32,22500.0,8.31,30500.0,8.3,90400.0,8.29,9800.0,8.28,41800.0,8.33,24500.0,8.34,13200.0,8.35,15500.0,8.36,25500.0,8.37,12800.0,1128000
8.32,22300.0,8.31,30500.0,8.3,89900.0,8.29,9800.0,8.28,41800.0,8.33,24500.0,8.34,13200.0,8.35,15500.0,8.36,25500.0,8.37,14900.0,1131000
8.32,20900.0,8.31,30500.0,8.3,90100.0,8.29,9800.0,8.28,41800.0,8.33,16800.0,8.34,13200.0,8.35,15500.0,8.36,25500.0,8.37,14900.0,1134000
8.32,18300.0,8.31,30500.0,8.3,90300.0,8.29,9800.0,8.28,41700.0,8.33,16800.0,8.34,13200.0,8.35,15500.0,8.36,25500.0,8.37,14900.0,1137000
8.32,18600.0,8.31,31000.0,8.3,90300.0,8.29,9800.0,8.28,41700.0,8.33,16800.0,8.34,13200.0,8.35,15500.0,8.36,25500.0,8.37,14900.0,1140000
8.32,13700.0,8.31,34000.0,8.3,90300.0,8.29,9800.0,8.28,41700.0,8.33,6900.0,8.34,13200.0,8.35,15600.0,8.36,25500.0,8.37,14900.0,1143000
8.32,13700.0,8.31,34000.0,8.3,90300.0,8.29,9800.0,8.28,41900.0,8.33,6900.0,8.34,13200.0,8.35,15600.0,8.36,25500.0,8.37,14900.0,1146000
8.32,12300.0,8.31,34000.0,8.3,90300.0,8.29,9800.0,8.28,41900.0,8.33,6900.0,8.34,13200.0,8.35,15600.0,8.36,25500.0,8.37,14900.0,1149000
8.32,13400.0,8.31,34000.0,8.3,90300.0,8.29,9800.0,8.28,41900.0,8.33,7700.0,8.34,13200.0,8.35,15600.0,8.36,25500.0,8.37,14900.0,1152000
8.32,11400.0,8.31,34000.0,8.3,90300.0,8.29,9800.0,8.28,41900.0,8.33,7700.0,8.34,13200.0,8.35,15600.0,8.36,25500.0,8.37,14900.0,1155000
8.32,9000.0,8.31,34100.0,8.3,90300.0,8.29,9800.0,8.28,41900.0,8.33,6600.0,8.34,13200.0,8.35,15600.0,8.36,30300.0,8.37,14900.0,1158000
8.33,100.0,8.32,7000.0,8.31,34100.0,8.3,90100.0,8.29,9800.0,8.34,13200.0,8.35,15600.0,8.36,30100.0,8.37,14900.0,8.38,20500.0,1161000
8.32,4000.0,8.31,34100.0,8.3,89900.0,8.29,9800.0,8.28,43900.0,8.33,23500.0,8.34,13200.0,8.35,15600.0,8.36,30100.0,8.37,14900.0,1164000
8.32,3500.0,8.31,34100.0,8.3,89900.0,8.29,9800.0,8.28,43900.0,8.33,23500.0,8.34,13200.0,8.35,15600.0,8.36,30100.0,8.37,14900.0,1167000
8.32,4000.0,8.31,34100.0,8.3,90900.0,8.29,9800.0,8.28,43900.0,8.33,23300.0,8.34,13200.0,8.35,15600.0,8.36,30100.0,8.37,14900.0,1170000
8.32,3500.0,8.31,34100.0,8.3,90900.0,8.29,9800.0,8.28,43900.0,8.33,23300.0,8.34,13200.0,8.35,15600.0,8.36,30100.0,8.37,14900.0,1173000
8.31,30800.0,8.3,90900.0,8.29,9700.0,8.28,48400.0,8.27,47000.0,8.33,23300.0,8.34,13200.0,8.35,15600.0,8.36,30100.0,8.37,14900.0,1176000
8.31,30200.0,8.3,90600.0,8.29,9700.0,8.28,48400.0,8.27,47000.0,8.33,36700.0,8.34,13200.0,8.35,15600.0,8.36,30100.0,8.37,14900.0,1179000
8.31,30000.0,8.3,90600.0,8.29,9700.0,8.28,48700.0,8.27,47000.0,8.32,500.0,8.33,36700.0,8.34,13200.0,8.35,17600.0,8.36,30100.0,1182000
8.31,30000.0,8.3,90600.0,8.29,9700.0,8.28,48700.0,8.27,47000.0,8.32,500.0,8.33,36700.0,8.34,13200.0,8.35,17600.0,8.36,30100.0,1185000
8.31,30100.0,8.3,90600.0,8.29,9700.0,8.28,48400.0,8.27,47000.0,8.32,500.0,8.33,36700.0,8.34,13200.0,8.35,17600.0,8.36,30100.0,1188000
8.32,2500.0,8.31,31500.0,8.3,96600.0,8.29,9700.0,8.28,48400.0,8.33,36700.0,8.34,13200.0,8.35,17600.0,8.36,30100.0,8.37,14900.0,1191000
8.32,2000.0,8.31,33100.0,8.3,97800.0,8.29,9700.0,8.28,48400.0,8.33,36700.0,8.34,13200.0,8.35,17600.0,8.36,30100.0,8.37,12400.0,1194000
8.32,2300.0,8.31,35100.0,8.3,97800.0,8.29,9700.0,8.28,48900.0,8.33,23300.0,8.34,13200.0,8.35,17600.0,8.36,30100.0,8.37,12400.0,1197000
8.31,35100.0,8.3,97800.0,8.29,13700.0,8.28,48900.0,8.27,47000.0,8.32,4300.0,8.33,23300.0,8.34,13200.0,8.35,17600.0,8.36,30100.0,1200000
8.31,30200.0,8.3,97800.0,8.29,13700.0,8.28,48900.0,8.27,47000.0,8.32,9700.0,8.33,23300.0,8.34,13200.0,8.35,17600.0,8.36,30100.0,1203000
8.31,30200.0,8.3,92800.0,8.29,13700.0,8.28,48900.0,8.27,47000.0,8.32,9600.0,8.33,23300.0,8.34,13200.0,8.35,17600.0,8.36,30100.0,1206000
8.31,29800.0,8.3,92800.0,8.29,13700.0,8.28,48900.0,8.27,47000.0,8.32,15100.0,8.33,23300.0,8.34,13200.0,8.35,17600.0,8.36,30100.0,1209000
8.3,91800.0,8.29,13700.0,8.28,48900.0,8.27,47000.0,8.26,30300.0,8.31,18300.0,8.32,41300.0,8.33,23300.0,8.34,13200.0,8.35,18100.0,1212000
8.3,91300.0,8.29,13700.0,8.28,47900.0,8.27,47500.0,8.26,30300.0,8.31,19500.0,8.32,41300.0,8.33,23300.0,8.34,13200.0,8.35,18100.0,1215000
8.3,91300.0,8.29,13700.0,8.28,48500.0,8.27,47500.0,8.26,30300.0,8.31,9400.0,8.32,36200.0,8.33,23300.0,8.34,13200.0,8.35,18100.0,1218000
8.3,91300.0,8.29,13700.0,8.28,45900.0,8.27,47500.0,8.26,30300.0,8.31,4600.0,8.32,36200.0,8.33,23300.0,8.34,13200.0,8.35,18100.0,1221000
8.3,84200.0,8.29,13700.0,8.28,45900.0,8.27,47500.0,8.26,30300.0,8.31,5600.0,8.32,30700.0,8.33,23300.0,8.34,13200.0,8.35,20100.0,1224000
8.3,82200.0,8.29,13700.0,8.28,45900.0,8.27,47500.0,8.26,30300.0,8.31,5500.0,8.32,30700.0,8.33,23300.0,8.34,9900.0,8.35,20100.0,1227000
8.31,13000.0,8.3,82300.0,8.29,43700.0,8.28,45900.0,8.27,47500.0,8.32,32200.0,8.33,23300.0,8.34,9900.0,8.35,20100.0,8.36,34000.0,1230000
8.31,8900.0,8.3,83300.0,8.29,43700.0,8.28,45900.0,8.27,47700.0,8.32,35600.0,8.33,23300.0,8.34,9900.0,8.35,20100.0,8.36,34000.0,1233000
8.31,8600.0,8.3,83800.0,8.29,43700.0,8.28,45900.0,8.27,47700.0,8.32,35600.0,8.33,23300.0,8.34,9900.0,8.35,24900.0,8.36,34000.0,1236000
8.31,1300.0,8.3,83800.0,8.29,43700.0,8.28,45900.0,8.27,47700.0,8.32,35600.0,8.33,23300.0,8.34,9900.0,8.35,24900.0,8.36,44000.0,1239000
8.3,83800.0,8.29,43700.0,8.28,45900.0,8.27,47700.0,8.26,32500.0,8.31,1300.0,8.32,34700.0,8.33,23300.0,8.34,9900.0,8.35,24900.0,1242000
8.3,83800.0,8.29,43900.0,8.28,45900.0,8.27,47700.0,8.26,32500.0,8.31,1300.0,8.32,34700.0,8.33,23300.0,8.34,12100.0,8.35,25100.0,1245000
8.31,1700.0,8.3,85000.0,8.29,43900.0,8.28,45900.0,8.27,47700.0,8.32,34700.0,8.33,23300.0,8.34,12100.0,8.35,25100.0,8.36,49800.0,1248000
8.31,1000.0,8.3,84900.0,8.29,44400.0,8.28,46400.0,8.27,48300.0,8.32,34700.0,8.33,23300.0,8.34,12100.0,8.35,25100.0,8.36,49800.0,1251000
8.3,86600.0,8.29,44400.0,8.28,46400.0,8.27,48300.0,8.26,33500.0,8.31,10900.0,8.32,34700.0,8.33,23300.0,8.34,12100.0,8.35,26100.0,1254000
8.3,86600.0,8.29,44400.0,8.28,46400.0,8.27,48300.0,8.26,33500.0,8.31,8700.0,8.32,34700.0,8.33,23300.0,8.34,12100.0,8.35,26100.0,1257000
8.3,86000.0,8.29,44400.0,8.28,46400.0,8.27,48300.0,8.26,33500.0,8.31,8900.0,8.32,36700.0,8.33,23300.0,8.34,12100.0,8.35,26100.0,1260000
8.3,75500.0,8.29,44400.0,8.28,45400.0,8.27,48300.0,8.26,33700.0,8.31,7200.0,8.32,36700.0,8.33,23300.0,8.34,12100.0,8.35,26100.0,1263000
8.3,75200.0,8.29,44400.0,8.28,45400.0,8.27,48300.0,8.26,33700.0,8.31,9200.0,8.32,36700.0,8.33,23300.0,8.34,12100.0,8.35,26100.0,1266000
8.3,76000.0,8.29,44400.0,8.28,45400.0,8.27,48300.0,8.26,33700.0,8.31,10200.0,8.32,36700.0,8.33,23300.0,8.34,12100.0,8.35,26100.0,1269000
8.3,71400.0,8.29,45000.0,8.28,45400.0,8.27,48300.0,8.26,32700.0,8.31,11800.0,8.32,50100.0,8.33,23300.0,8.34,12100.0,8.35,25800.0,1272000
8.3,70600.0,8.29,45300.0,8.28,45400.0,8.27,48300.0,8.26,32700.0,8.31,11400.0,8.32,50100.0,8.33,23300.0,8.34,12100.0,8.35,25800.0,1275000
8.3,66100.0,8.29,45300.0,8.28,45400.0,8.27,48300.0,8.26,32700.0,8.31,11000.0,8.32,48600.0,8.33,23300.0,8.34,12100.0,8.35,25800.0,1278000
8.3,70800.0,8.29,45300.0,8.28,45400.0,8.27,50200.0,8.26,33200.0,8.31,10800.0,8.32,48600.0,8.33,23300.0,8.34,12100.0,8.35,25800.0,1281000
8.3,69600.0,8.29,45300.0,8.28,45400.0,8.27,50200.0,8.26,34500.0,8.31,17200.0,8.32,48600.0,8.33,23300.0,8.34,12100.0,8.35,25800.0,1284000
8.3,56700.0,8.29,45300.0,8.28,45400.0,8.27,50200.0,8.26,34500.0,8.31,20200.0,8.32,48600.0,8.33,23300.0,8.34,12100.0,8.35,25800.0,1287000
8.3,12200.0,8.29,45300.0,8.28,45400.0,8.27,50200.0,8.26,34500.0,8.31,21700.0,8.32,48600.0,8.33,23300.0,8.34,12100.0,8.35,25800.0,1290000
8.29,41300.0,8.28,44800.0,8.27,50200.0,8.26,34500.0,8.25,59400.0,8.3,500.0,8.31,21700.0,8.32,48600.0,8.33,23300.0,8.34,12100.0,1293000
8.29,43300.0,8.28,45300.0,8.27,50200.0,8.26,34500.0,8.25,59400.0,8.3,500.0,8.31,23800.0,8.32,48600.0,8.33,23300.0,8.34,12100.0,1296000
8.29,40400.0,8.28,45300.0,8.27,50200.0,8.26,34500.0,8.25,59400.0,8.3,900.0,8.31,23900.0,8.32,48600.0,8.33,23300.0,8.34,14100.0,1299000
8.29,41800.0,8.28,44800.0,8.27,50200.0,8.26,35000.0,8.25,59400.0,8.3,700.0,8.31,23900.0,8.32,48600.0,8.33,23300.0,8.34,14100.0,1302000
8.3,28000.0,8.29,41800.0,8.28,44800.0,8.27,50200.0,8.26,35000.0,8.31,23700.0,8.32,48600.0,8.33,23300.0,8.34,14100.0,8.35,25900.0,1305000
8.3,25400.0,8.29,43800.0,8.28,44800.0,8.27,50200.0,8.26,35000.0,8.31,19500.0,8.32,48600.0,8.33,23300.0,8.34,14100.0,8.35,25900.0,1308000
8.3,23200.0,8.29,43800.0,8.28,44800.0,8.27,50200.0,8.26,35000.0,8.31,19700.0,8.32,48600.0,8.33,23300.0,8.34,15100.0,8.35,25900.0,1311000
8.3,22000.0,8.29,45800.0,8.28,44800.0,8.27,50200.0,8.26,35000.0,8.31,21500.0,8.32,35200.0,8.33,23300.0,8.34,15100.0,8.35,25900.0,1314000
8.3,20200.0,8.29,45800.0,8.28,46800.0,8.27,50200.0,8.26,35000.0,8.31,21500.0,8.32,35200.0,8.33,23300.0,8.34,15100.0,8.35,25900.0,1317000
8.3,20100.0,8.29,45800.0,8.28,46800.0,8.27,55200.0,8.26,36000.0,8.31,8500.0,8.32,35200.0,8.33,23300.0,8.34,15100.0,8.35,25900.0,1320000
8.3,22300.0,8.29,52800.0,8.28,48800.0,8.27,55200.0,8.26,36000.0,8.31,8500.0,8.32,35200.0,8.33,23300.0,8.34,15100.0,8.35,25900.0,1323000
8.3,22300.0,8.29,52800.0,8.28,48800.0,8.27,55200.0,8.26,36000.0,8.31,7700.0,8.32,35200.0,8.33,25300.0,8.34,15100.0,8.35,25900.0,1326000
8.3,23300.0,8.29,52800.0,8.28,49200.0,8.27,50200.0,8.26,36000.0,8.31,23500.0,8.32,35200.0,8.33,25300.0,8.34,15100.0,8.35,25900.0,1329000
8.3,23300.0,8.29,52800.0,8.28,49200.0,8.27,50200.0,8.26,36500.0,8.31,62600.0,8.32,35200.0,8.33,25300.0,8.34,15100.0,8.35,25900.0,1332000
8.3,22300.0,8.29,52800.0,8.28,49200.0,8.27,55400.0,8.26,37000.0,8.31,61600.0,8.32,35200.0,8.33,25300.0,8.34,15100.0,8.35,25900.0,1335000
8.3,26500.0,8.29,52800.0,8.28,49200.0,8.27,55400.0,8.26,42700.0,8.31,61300.0,8.32,35200.0,8.33,25300.0,8.34,15100.0,8.35,25900.0,1338000
8.3,4000.0,8.29,52800.0,8.28,49200.0,8.27,55400.0,8.26,42700.0,8.31,59100.0,8.32,35200.0,8.33,25300.0,8.34,15100.0,8.35,25900.0,1341000
8.29,52800.0,8.28,49200.0,8.27,55400.0,8.26,43300.0,8.25,60400.0,8.31,55300.0,8.32,35200.0,8.33,25300.0,8.34,15100.0,8.35,25900.0,1344000
8.3,1000.0,8.29,53300.0,8.28,49200.0,8.27,57200.0,8.26,43900.0,8.31,65300.0,8.32,35200.0,8.33,25300.0,8.34,15100.0,8.35,25900.0,1347000
8.3,15700.0,8.29,53300.0,8.28,49200.0,8.27,57200.0,8.26,43900.0,8.31,64700.0,8.32,35200.0,8.33,25300.0,8.34,15100.0,8.35,25900.0,1350000
8.3,11400.0,8.29,53300.0,8.28,48800.0,8.27,57200.0,8.26,44200.0,8.31,64700.0,8.32,35200.0,8.33,25300.0,8.34,15100.0,8.35,25900.0,1353000
8.3,12400.0,8.29,53400.0,8.28,48800.0,8.27,57200.0,8.26,43700.0,8.31,65500.0,8.32,35200.0,8.33,25500.0,8.34,15100.0,8.35,25900.0,1356000
8.3,6400.0,8.29,53400.0,8.28,52600.0,8.27,57200.0,8.26,43700.0,8.31,65500.0,8.32,35200.0,8.33,25500.0,8.34,15100.0,8.35,25900.0,1359000
8.3,10300.0,8.29,53400.0,8.28,52600.0,8.27,57200.0,8.26,43700.0,8.31,65400.0,8.32,35200.0,8.33,25500.0,8.34,15100.0,8.35,25900.0,1362000
8.3,12000.0,8.29,53400.0,8.28,50000.0,8.27,57200.0,8.26,43700.0,8.31,65400.0,8.32,35200.0,8.33,25500.0,8.34,15100.0,8.35,25900.0,1365000
8.3,11900.0,8.29,53400.0,8.28,50500.0,8.27,57200.0,8.26,43700.0,8.31,64600.0,8.32,35200.0,8.33,25500.0,8.34,15100.0,8.35,25900.0,1368000
8.3,32400.0,8.29,53400.0,8.28,50500.0,8.27,57200.0,8.26,43700.0,8.31,64600.0,8.32,35200.0,8.33,25500.0,8.34,15100.0,8.35,25900.0,1371000
8.3,32200.0,8.29,53500.0,8.28,50500.0,8.27,57200.0,8.26,43700.0,8.31,64600.0,8.32,35200.0,8.33,25500.0,8.34,15100.0,8.35,23600.0,1374000
8.3,33300.0,8.29,54500.0,8.28,50500.0,8.27,57200.0,8.26,45000.0,8.31,68600.0,8.32,35200.0,8.33,25500.0,8.34,15100.0,8.35,23600.0,1377000
8.3,37500.0,8.29,54500.0,8.28,50500.0,8.27,57200.0,8.26,45000.0,8.31,68500.0,8.32,35200.0,8.33,25500.0,8.34,14300.0,8.35,23600.0,1380000
8.3,39300.0,8.29,54500.0,8.28,50500.0,8.27,57200.0,8.26,45000.0,8.31,68500.0,8.32,35200.0,8.33,25500.0,8.34,13700.0,8.35,23600.0,1383000
8.3,39200.0,8.29,54500.0,8.28,50000.0,8.27,57200.0,8.26,45000.0,8.31,66500.0,8.32,35200.0,8.33,25500.0,8.34,13700.0,8.35,23600.0,1386000
8.3,39800.0,8.29,54500.0,8.28,50000.0,8.27,57200.0,8.26,45500.0,8.31,65400.0,8.32,35200.0,8.33,25500.0,8.34,13700.0,8.35,23500.0,1389000
8.3,39800.0,8.29,54500.0,8.28,50000.0,8.27,56600.0,8.26,45500.0,8.31,65300.0,8.32,35200.0,8.33,25500.0,8.34,13700.0,8.35,23500.0,1392000
8.29,54500.0,8.28,53000.0,8.27,56600.0,8.26,45500.0,8.25,60500.0,8.3,12600.0,8.31,57000.0,8.32,35200.0,8.33,25500.0,8.34,13700.0,1395000
8.29,54500.0,8.28,53000.0,8.27,56600.0,8.26,49300.0,8.25,60500.0,8.3,12100.0,8.31,57000.0,8.32,35200.0,8.33,25500.0,8.34,13700.0,1398000
8.29,54500.0,8.28,53000.0,8.27,56600.0,8.26,49300.0,8.25,60500.0,8.3,9700.0,8.31,57000.0,8.32,35200.0,8.33,25500.0,8.34,13700.0,1401000
8.3,9800.0,8.29,55800.0,8.28,53000.0,8.27,56600.0,8.26,49300.0,8.31,58100.0,8.32,35200.0,8.33,25500.0,8.34,13700.0,8.35,25000.0,1404000
8.3,17000.0,8.29,55800.0,8.28,53000.0,8.27,56600.0,8.26,49300.0,8.31,31200.0,8.32,35200.0,8.33,25500.0,8.34,13700.0,8.35,25000.0,1407000
8.3,18000.0,8.29,55800.0,8.28,53000.0,8.27,56600.0,8.26,48300.0,8.31,20900.0,8.32,35200.0,8.33,25500.0,8.34,13700.0,8.35,25000.0,1410000
8.3,16000.0,8.29,55800.0,8.28,53000.0,8.27,56600.0,8.26,48300.0,8.31,20900.0,8.32,35200.0,8.33,25500.0,8.34,13700.0,8.35,25000.0,1413000
8.3,15400.0,8.29,55800.0,8.28,53000.0,8.27,56900.0,8.26,48300.0,8.31,3700.0,8.32,35200.0,8.33,25500.0,8.34,13700.0,8.35,25000.0,1416000
8.29,57800.0,8.28,53000.0,8.27,69100.0,8.26,48300.0,8.25,60500.0,8.3,1900.0,8.31,2300.0,8.32,35200.0,8.33,25500.0,8.34,13700.0,1419000
8.29,57800.0,8.28,53000.0,8.27,69100.0,8.26,48300.0,8.25,60800.0,8.3,800.0,8.31,2300.0,8.32,35200.0,8.33,25500.0,8.34,13700.0,1422000
8.3,2900.0,8.29,57800.0,8.28,53000.0,8.27,69100.0,8.26,48300.0,8.31,4600.0,8.32,35200.0,8.33,25500.0,8.34,13700.0,8.35,25000.0,1425000
8.3,8400.0,8.29,57800.0,8.28,53000.0,8.27,69100.0,8.26,48300.0,8.31,5700.0,8.32,35200.0,8.33,25500.0,8.34,13700.0,8.35,25000.0,1428000
8.3,9500.0,8.29,60400.0,8.28,53000.0,8.27,69100.0,8.26,49800.0,8.31,7200.0,8.32,35200.0,8.33,25500.0,8.34,13700.0,8.35,25000.0,1431000
8.3,10400.0,8.29,65900.0,8.28,53000.0,8.27,69100.0,8.26,49800.0,8.31,7200.0,8.32,31800.0,8.33,25500.0,8.34,13700.0,8.35,25000.0,1434000
8.3,10400.0,8.29,66500.0,8.28,53000.0,8.27,69100.0,8.26,50500.0,8.31,7200.0,8.32,31800.0,8.33,25500.0,8.34,13700.0,8.35,25000.0,1437000
8.3,12900.0,8.29,66500.0,8.28,53000.0,8.27,69100.0,8.26,50500.0,8.31,7200.0,8.32,31800.0,8.33,25500.0,8.34,13700.0,8.35,24300.0,1440000
8.3,12900.0,8.29,66500.0,8.28,52500.0,8.27,71100.0,8.26,50500.0,8.31,7200.0,8.32,31800.0,8.33,25500.0,8.34,13700.0,8.35,24300.0,1443000
8.3,11100.0,8.29,66500.0,8.28,52500.0,8.27,71100.0,8.26,50500.0,8.31,4200.0,8.32,34500.0,8.33,25500.0,8.34,13700.0,8.35,24300.0,1446000
8.3,10500.0,8.29,66500.0,8.28,52500.0,8.27,71100.0,8.26,50500.0,8.31,4200.0,8.32,34500.0,8.33,25500.0,8.34,13700.0,8.35,24300.0,1449000
8.3,12000.0,8.29,66500.0,8.28,52500.0,8.27,71100.0,8.26,50500.0,8.31,4200.0,8.32,34500.0,8.33,25500.0,8.34,13700.0,8.35,24300.0,1452000
8.3,11200.0,8.29,66500.0,8.28,52600.0,8.27,71100.0,8.26,50500.0,8.31,4900.0,8.32,34500.0,8.33,25500.0,8.34,13700.0,8.35,22300.0,1455000
8.3,10800.0,8.29,66500.0,8.28,52600.0,8.27,71100.0,8.26,50600.0,8.31,5000.0,8.32,34500.0,8.33,25500.0,8.34,13700.0,8.35,22300.0,1458000
8.3,11800.0,8.29,66500.0,8.28,52300.0,8.27,71100.0,8.26,50600.0,8.31,5800.0,8.32,31400.0,8.33,25500.0,8.34,13700.0,8.35,22300.0,1461000
8.3,15500.0,8.29,69500.0,8.28,52300.0,8.27,71100.0,8.26,51700.0,8.31,6900.0,8.32,31400.0,8.33,25500.0,8.34,13700.0,8.35,22300.0,1464000
8.3,16600.0,8.29,70500.0,8.28,52300.0,8.27,66100.0,8.26,51700.0,8.31,21600.0,8.32,31400.0,8.33,25500.0,8.34,13700.0,8.35,22300.0,1470000
8.3,20400.0,8.29,70500.0,8.28,52300.0,8.27,66100.0,8.26,51700.0,8.31,20600.0,8.32,31400.0,8.33,25500.0,8.34,13700.0,8.35,22300.0,1473000
8.3,20200.0,8.29,70500.0,8.28,52300.0,8.27,66100.0,8.26,51900.0,8.31,6100.0,8.32,28700.0,8.33,25500.0,8.34,13700.0,8.35,22300.0,1476000
8.3,20900.0,8.29,70400.0,8.28,52300.0,8.27,66100.0,8.26,51900.0,8.31,11700.0,8.32,28700.0,8.33,25500.0,8.34,13700.0,8.35,22300.0,1479000
8.3,13900.0,8.29,70400.0,8.28,52300.0,8.27,66100.0,8.26,51900.0,8.31,12400.0,8.32,28700.0,8.33,25500.0,8.34,13700.0,8.35,22300.0,1482000
8.3,14400.0,8.29,70400.0,8.28,52300.0,8.27,66100.0,8.26,52400.0,8.31,15400.0,8.32,28700.0,8.33,25500.0,8.34,13700.0,8.35,22300.0,1485000
8.3,13400.0,8.29,66400.0,8.28,53500.0,8.27,66600.0,8.26,52400.0,8.31,15400.0,8.32,28700.0,8.33,25500.0,8.34,13700.0,8.35,22300.0,1488000
8.3,15100.0,8.29,66400.0,8.28,53500.0,8.27,66600.0,8.26,52400.0,8.31,11900.0,8.32,28700.0,8.33,25500.0,8.34,13700.0,8.35,22300.0,1491000
8.29,66400.0,8.28,53500.0,8.27,66600.0,8.26,52400.0,8.25,62900.0,8.3,400.0,8.31,9500.0,8.32,26700.0,8.33,25500.0,8.34,13700.0,1494000
8.29,66400.0,8.28,53500.0,8.27,66600.0,8.26,52500.0,8.25,62900.0,8.3,2400.0,8.31,4500.0,8.32,26700.0,8.33,25500.0,8.34,13700.0,1497000
8.3,800.0,8.29,67900.0,8.28,53500.0,8.27,66600.0,8.26,52500.0,8.31,4500.0,8.32,26700.0,8.33,25500.0,8.34,13700.0,8.35,22300.0,1500000
8.3,25800.0,8.29,67900.0,8.28,55500.0,8.27,66600.0,8.26,52500.0,8.31,4300.0,8.32,26700.0,8.33,25500.0,8.34,13700.0,8.35,22300.0,1503000
8.3,26400.0,8.29,67900.0,8.28,55500.0,8.27,66600.0,8.26,52500.0,8.31,7300.0,8.32,26700.0,8.33,25500.0,8.34,13700.0,8.35,22300.0,1506000
8.3,30800.0,8.29,67900.0,8.28,55500.0,8.27,66600.0,8.26,52500.0,8.31,6800.0,8.32,26700.0,8.33,25500.0,8.34,13700.0,8.35,22300.0,1509000
8.3,31900.0,8.29,67900.0,8.28,53800.0,8.27,66600.0,8.26,52500.0,8.31,43500.0,8.32,26700.0,8.33,25500.0,8.34,13700.0,8.35,22300.0,1512000
8.3,36100.0,8.29,69900.0,8.28,53800.0,8.27,66600.0,8.26,51000.0,8.31,42500.0,8.32,26700.0,8.33,25500.0,8.34,13700.0,8.35,22300.0,1515000
8.3,37000.0,8.29,69900.0,8.28,53800.0,8.27,66600.0,8.26,51000.0,8.31,42900.0,8.32,26700.0,8.33,25500.0,8.34,13700.0,8.35,22300.0,1518000
8.3,44100.0,8.29,69900.0,8.28,53800.0,8.27,66600.0,8.26,51000.0,8.31,42900.0,8.32,26700.0,8.33,25500.0,8.34,13700.0,8.35,22300.0,1521000
8.3,44600.0,8.29,69900.0,8.28,53800.0,8.27,67000.0,8.26,51000.0,8.31,43300.0,8.32,26700.0,8.33,25500.0,8.34,13700.0,8.35,22300.0,1524000
8.3,44300.0,8.29,69900.0,8.28,55800.0,8.27,67000.0,8.26,51000.0,8.31,39900.0,8.32,26700.0,8.33,25500.0,8.34,13700.0,8.35,22300.0,1527000
8.3,44500.0,8.29,70500.0,8.28,55800.0,8.27,67000.0,8.26,51000.0,8.31,34600.0,8.32,26700.0,8.33,25500.0,8.34,15800.0,8.35,22300.0,1530000
8.3,44500.0,8.29,70500.0,8.28,56800.0,8.27,67000.0,8.26,51000.0,8.31,28300.0,8.32,26700.0,8.33,25500.0,8.34,15800.0,8.35,22300.0,1533000
8.3,49500.0,8.29,72500.0,8.28,56800.0,8.27,67000.0,8.26,51000.0,8.31,26100.0,8.32,26700.0,8.33,25500.0,8.34,15800.0,8.35,22300.0,1536000
8.3,49000.0,8.29,72500.0,8.28,56800.0,8.27,67000.0,8.26,51000.0,8.31,24100.0,8.32,26700.0,8.33,25500.0,8.34,15800.0,8.35,22300.0,1539000
8.3,48700.0,8.29,72500.0,8.28,56800.0,8.27,67000.0,8.26,51000.0,8.31,24000.0,8.32,26700.0,8.33,25500.0,8.34,15800.0,8.35,22300.0,1542000
8.3,54000.0,8.29,72700.0,8.28,56800.0,8.27,67000.0,8.26,51000.0,8.31,24000.0,8.32,26700.0,8.33,25500.0,8.34,15800.0,8.35,22300.0,1545000
8.3,52700.0,8.29,73200.0,8.28,56800.0,8.27,67000.0,8.26,51000.0,8.31,24000.0,8.32,26700.0,8.33,25500.0,8.34,15800.0,8.35,22300.0,1548000
8.31,18600.0,8.3,48700.0,8.29,73200.0,8.28,66800.0,8.27,67000.0,8.32,26700.0,8.33,2200.0,8.34,15800.0,8.35,22300.0,8.36,81500.0,1551000
8.32,2200.0,8.31,16800.0,8.3,60500.0,8.29,73200.0,8.28,66800.0,8.33,2200.0,8.34,15800.0,8.35,22300.0,8.36,81500.0,8.37,11300.0,1554000
8.31,12500.0,8.3,60500.0,8.29,73200.0,8.28,67000.0,8.27,67000.0,8.33,2200.0,8.34,15800.0,8.35,22300.0,8.36,81500.0,8.37,11300.0,1557000
8.31,21400.0,8.3,61000.0,8.29,73200.0,8.28,67000.0,8.27,67000.0,8.33,700.0,8.34,15800.0,8.35,22300.0,8.36,81500.0,8.37,11300.0,1560000
8.32,200.0,8.31,21400.0,8.3,60000.0,8.29,73200.0,8.28,67000.0,8.33,500.0,8.34,15800.0,8.35,22300.0,8.36,81500.0,8.37,11300.0,1563000
8.31,21400.0,8.3,62200.0,8.29,73200.0,8.28,67000.0,8.27,67000.0,8.33,1700.0,8.34,15800.0,8.35,22300.0,8.36,81500.0,8.37,11300.0,1566000
8.32,19800.0,8.31,15500.0,8.3,71100.0,8.29,75700.0,8.28,67000.0,8.34,17000.0,8.35,22300.0,8.36,77500.0,8.37,11300.0,8.38,18700.0,1569000
8.33,500.0,8.32,19800.0,8.31,15500.0,8.3,94100.0,8.29,75700.0,8.34,17000.0,8.35,22300.0,8.36,77500.0,8.37,11300.0,8.38,18700.0,1572000
8.33,20700.0,8.32,19800.0,8.31,16500.0,8.3,94100.0,8.29,75700.0,8.34,14200.0,8.35,22300.0,8.36,77500.0,8.37,11300.0,8.38,18700.0,1575000
8.33,23000.0,8.32,19800.0,8.31,17000.0,8.3,94100.0,8.29,75700.0,8.34,13500.0,8.35,22300.0,8.36,77500.0,8.37,11300.0,8.38,18700.0,1578000
8.33,23000.0,8.32,19800.0,8.31,17000.0,8.3,94100.0,8.29,75700.0,8.34,11800.0,8.35,22300.0,8.36,71700.0,8.37,11300.0,8.38,18700.0,1581000
8.33,23700.0,8.32,19800.0,8.31,17400.0,8.3,95400.0,8.29,75700.0,8.34,10700.0,8.35,22300.0,8.36,58300.0,8.37,11300.0,8.38,18700.0,1584000
8.33,23300.0,8.32,19800.0,8.31,17400.0,8.3,95100.0,8.29,75700.0,8.34,9500.0,8.35,22300.0,8.36,58300.0,8.37,11300.0,8.38,18700.0,1587000
8.33,23300.0,8.32,19800.0,8.31,17400.0,8.3,98100.0,8.29,73700.0,8.34,9900.0,8.35,22300.0,8.36,58300.0,8.37,11300.0,8.38,18700.0,1590000
8.33,31900.0,8.32,20200.0,8.31,11400.0,8.3,98100.0,8.29,73700.0,8.34,7300.0,8.35,17500.0,8.36,58300.0,8.37,11300.0,8.38,18700.0,1593000
8.33,32100.0,8.32,20200.0,8.31,11400.0,8.3,98100.0,8.29,78900.0,8.34,7300.0,8.35,17500.0,8.36,58300.0,8.37,11300.0,8.38,18700.0,1596000
8.33,33200.0,8.32,20200.0,8.31,11400.0,8.3,100200.0,8.29,78900.0,8.34,5000.0,8.35,17500.0,8.36,58300.0,8.37,10300.0,8.38,18700.0,1599000
8.33,32100.0,8.32,20200.0,8.31,11400.0,8.3,100200.0,8.29,78900.0,8.34,4000.0,8.35,21700.0,8.36,58300.0,8.37,10300.0,8.38,18700.0,1602000
8.34,16000.0,8.33,30100.0,8.32,20200.0,8.31,11400.0,8.3,100200.0,8.35,18200.0,8.36,58300.0,8.37,10300.0,8.38,18700.0,8.39,70100.0,1605000
8.36,123400.0,8.34,23300.0,8.33,31900.0,8.32,20200.0,8.31,11400.0,8.37,10300.0,8.38,18700.0,8.39,70100.0,8.4,207300.0,8.41,20300.0,1608000
8.36,123400.0,8.35,1100.0,8.34,29300.0,8.33,31400.0,8.32,20200.0,8.37,10300.0,8.38,18700.0,8.39,70100.0,8.4,207300.0,8.41,20300.0,1611000
8.36,123400.0,8.35,1100.0,8.34,29300.0,8.33,30100.0,8.32,20200.0,8.37,20500.0,8.38,18700.0,8.39,70100.0,8.4,207300.0,8.41,20300.0,1614000
8.36,123400.0,8.35,2400.0,8.34,25700.0,8.33,30100.0,8.32,20200.0,8.37,15600.0,8.38,18700.0,8.39,70100.0,8.4,207300.0,8.41,20300.0,1617000
8.36,123400.0,8.35,3300.0,8.34,25700.0,8.33,30100.0,8.32,20200.0,8.37,15600.0,8.38,18700.0,8.39,70100.0,8.4,207300.0,8.41,20300.0,1620000
8.36,123400.0,8.35,2400.0,8.34,25700.0,8.33,30100.0,8.32,22200.0,8.37,20700.0,8.38,18700.0,8.39,70100.0,8.4,207300.0,8.41,20300.0,1623000
8.36,123400.0,8.35,2900.0,8.34,25700.0,8.33,30100.0,8.32,22200.0,8.37,19400.0,8.38,18700.0,8.39,70100.0,8.4,207300.0,8.41,20300.0,1626000
8.35,2900.0,8.34,25700.0,8.33,30100.0,8.32,22200.0,8.31,13400.0,8.36,2300.0,8.37,20200.0,8.38,18700.0,8.39,70100.0,8.4,207300.0,1629000
8.35,2900.0,8.34,25700.0,8.33,32100.0,8.32,22200.0,8.31,13400.0,8.36,1400.0,8.37,20200.0,8.38,18700.0,8.39,70100.0,8.4,207300.0,1632000
8.35,2900.0,8.34,25700.0,8.33,32100.0,8.32,22200.0,8.31,13400.0,8.36,19000.0,8.37,4800.0,8.38,18800.0,8.39,70100.0,8.4,205800.0,1635000
8.35,2900.0,8.34,24700.0,8.33,32100.0,8.32,22800.0,8.31,13400.0,8.36,30900.0,8.37,4800.0,8.38,18800.0,8.39,73100.0,8.4,205800.0,1638000
8.35,1300.0,8.34,24700.0,8.33,32000.0,8.32,22800.0,8.31,19400.0,8.36,29000.0,8.37,10900.0,8.38,19300.0,8.39,73100.0,8.4,205800.0,1641000
8.35,1500.0,8.34,24700.0,8.33,32000.0,8.32,22800.0,8.31,16400.0,8.36,29000.0,8.37,10900.0,8.38,19300.0,8.39,73600.0,8.4,205800.0,1644000
8.35,1800.0,8.34,24700.0,8.33,31300.0,8.32,22800.0,8.31,16400.0,8.36,19400.0,8.37,13700.0,8.38,19300.0,8.39,73600.0,8.4,205800.0,1647000
8.37,31500.0,8.36,7000.0,8.35,22800.0,8.34,24700.0,8.33,31300.0,8.39,4500.0,8.4,130200.0,8.41,20300.0,8.42,26600.0,8.43,14900.0,1650000
8.37,30200.0,8.36,8700.0,8.35,22800.0,8.34,24700.0,8.33,30800.0,8.39,4500.0,8.4,130200.0,8.41,20300.0,8.42,26600.0,8.43,14900.0,1653000
8.37,28200.0,8.36,8700.0,8.35,22500.0,8.34,24700.0,8.33,30800.0,8.39,3500.0,8.4,130200.0,8.41,20300.0,8.42,26600.0,8.43,14900.0,1656000
8.37,28200.0,8.36,8700.0,8.35,22500.0,8.34,8700.0,8.33,30800.0,8.39,13500.0,8.4,130200.0,8.41,20300.0,8.42,26600.0,8.43,14900.0,1659000
8.37,32100.0,8.36,10100.0,8.35,22500.0,8.34,9700.0,8.33,30800.0,8.39,11200.0,8.4,116400.0,8.41,20300.0,8.42,26600.0,8.43,14900.0,1662000
8.37,30900.0,8.36,10100.0,8.35,21000.0,8.34,9700.0,8.33,30800.0,8.38,500.0,8.39,22700.0,8.4,116400.0,8.41,10000.0,8.42,26600.0,1665000
8.38,2200.0,8.37,4700.0,8.36,10700.0,8.35,26000.0,8.34,9700.0,8.39,16600.0,8.4,116400.0,8.41,10000.0,8.42,26600.0,8.43,14900.0,1668000
8.38,2000.0,8.37,4700.0,8.36,10700.0,8.35,26000.0,8.34,9700.0,8.39,48300.0,8.4,116400.0,8.41,10000.0,8.42,26600.0,8.43,14900.0,1671000
8.37,5600.0,8.36,10700.0,8.35,26000.0,8.34,9900.0,8.33,30600.0,8.38,4500.0,8.39,38100.0,8.4,121400.0,8.41,10000.0,8.42,26600.0,1674000
8.37,5600.0,8.36,11700.0,8.35,26700.0,8.34,9900.0,8.33,30600.0,8.39,49900.0,8.4,122900.0,8.41,10000.0,8.42,26600.0,8.43,14900.0,1677000
8.38,1100.0,8.37,5600.0,8.36,11700.0,8.35,26700.0,8.34,11900.0,8.39,49900.0,8.4,123200.0,8.41,10000.0,8.42,26600.0,8.43,14900.0,1680000
8.38,1100.0,8.37,5600.0,8.36,11100.0,8.35,26700.0,8.34,11900.0,8.39,45600.0,8.4,123200.0,8.41,10000.0,8.42,26600.0,8.43,15400.0,1683000
8.38,1100.0,8.37,6600.0,8.36,12100.0,8.35,28700.0,8.34,11900.0,8.39,44900.0,8.4,123000.0,8.41,10000.0,8.42,27000.0,8.43,15400.0,1686000
8.38,1100.0,8.37,6600.0,8.36,12100.0,8.35,29700.0,8.34,12900.0,8.39,14100.0,8.4,123000.0,8.41,10000.0,8.42,28000.0,8.43,15400.0,1689000
8.37,47000.0,8.36,12100.0,8.35,16400.0,8.34,12900.0,8.33,31200.0,8.39,9100.0,8.4,130300.0,8.41,10000.0,8.42,28900.0,8.43,15400.0,1692000
8.39,7500.0,8.38,1100.0,8.37,47000.0,8.36,8700.0,8.35,22400.0,8.4,130300.0,8.41,10000.0,8.42,28900.0,8.43,15400.0,8.44,15600.0,1695000
8.38,900.0,8.37,49300.0,8.36,8700.0,8.35,22400.0,8.34,12900.0,8.4,130300.0,8.41,10000.0,8.42,28900.0,8.43,15400.0,8.44,15600.0,1698000
8.38,600.0,8.37,49300.0,8.36,8700.0,8.35,23400.0,8.34,12900.0,8.39,2800.0,8.4,129800.0,8.41,10000.0,8.42,28900.0,8.43,15400.0,1701000
8.38,400.0,8.37,49300.0,8.36,2600.0,8.35,17600.0,8.34,12900.0,8.39,13300.0,8.4,116800.0,8.41,10000.0,8.42,28900.0,8.43,15400.0,1704000
8.38,11400.0,8.37,49500.0,8.36,2900.0,8.35,17600.0,8.34,12900.0,8.39,51900.0,8.4,112100.0,8.41,10000.0,8.42,28900.0,8.43,15400.0,1707000
8.38,12200.0,8.37,49500.0,8.36,2900.0,8.35,17600.0,8.34,12900.0,8.39,53000.0,8.4,112500.0,8.41,10000.0,8.42,28900.0,8.43,15400.0,1710000
8.38,20800.0,8.37,49500.0,8.36,2900.0,8.35,18400.0,8.34,12900.0,8.39,58500.0,8.4,112500.0,8.41,10000.0,8.42,31400.0,8.43,15400.0,1713000
8.38,20800.0,8.37,49500.0,8.36,2900.0,8.35,18400.0,8.34,12900.0,8.39,65700.0,8.4,115600.0,8.41,10000.0,8.42,31400.0,8.43,15400.0,1716000
8.37,49500.0,8.36,2900.0,8.35,18400.0,8.34,12900.0,8.33,20300.0,8.38,100.0,8.39,58900.0,8.4,115600.0,8.41,10400.0,8.42,28900.0,1719000
8.37,49500.0,8.36,3700.0,8.35,18400.0,8.34,12900.0,8.33,20300.0,8.38,10100.0,8.39,69000.0,8.4,116400.0,8.41,10400.0,8.42,28900.0,1722000
8.37,49500.0,8.36,5700.0,8.35,12200.0,8.34,12900.0,8.33,20300.0,8.38,8700.0,8.39,69000.0,8.4,117400.0,8.41,10400.0,8.42,28900.0,1725000
8.37,49500.0,8.36,5700.0,8.35,12200.0,8.34,12900.0,8.33,20300.0,8.38,7700.0,8.39,70500.0,8.4,122400.0,8.41,40400.0,8.42,28900.0,1728000
8.37,43500.0,8.36,4700.0,8.35,11500.0,8.34,12900.0,8.33,20300.0,8.38,4600.0,8.39,31400.0,8.4,122400.0,8.41,40400.0,8.42,28900.0,1731000
8.37,42900.0,8.36,4700.0,8.35,11500.0,8.34,12900.0,8.33,20300.0,8.38,12500.0,8.39,31400.0,8.4,127600.0,8.41,40400.0,8.42,30100.0,1734000
8.37,42900.0,8.36,4700.0,8.35,11500.0,8.34,12900.0,8.33,20300.0,8.38,49900.0,8.39,57400.0,8.4,127900.0,8.41,40400.0,8.42,30500.0,1737000
8.37,42900.0,8.36,6700.0,8.35,11500.0,8.34,12900.0,8.33,20300.0,8.38,49800.0,8.39,68000.0,8.4,127900.0,8.41,40400.0,8.42,31500.0,1740000
8.37,34200.0,8.36,7200.0,8.35,11500.0,8.34,12900.0,8.33,20300.0,8.38,49000.0,8.39,68900.0,8.4,127900.0,8.41,40400.0,8.42,31800.0,1743000
8.37,2500.0,8.36,7200.0,8.35,11500.0,8.34,12900.0,8.33,20300.0,8.38,49500.0,8.39,78900.0,8.4,137900.0,8.41,40400.0,8.42,31800.0,1746000
8.37,10200.0,8.36,6900.0,8.35,11500.0,8.34,12900.0,8.33,20300.0,8.38,49500.0,8.39,81700.0,8.4,137900.0,8.41,40400.0,8.42,31800.0,1749000
8.37,10200.0,8.36,6900.0,8.35,12500.0,8.34,12900.0,8.33,20300.0,8.38,49500.0,8.39,88700.0,8.4,137900.0,8.41,40400.0,8.42,31800.0,1752000
8.37,1100.0,8.36,6900.0,8.35,12500.0,8.34,12900.0,8.33,20300.0,8.38,47000.0,8.39,89200.0,8.4,137900.0,8.41,40400.0,8.42,31800.0,1755000
8.37,1100.0,8.36,7900.0,8.35,12500.0,8.34,12900.0,8.33,30300.0,8.38,47000.0,8.39,88100.0,8.4,140300.0,8.41,40400.0,8.42,31800.0,1758000
8.37,1000.0,8.36,8000.0,8.35,12500.0,8.34,12900.0,8.33,30300.0,8.38,48000.0,8.39,88100.0,8.4,140300.0,8.41,40400.0,8.42,31800.0,1761000
8.36,8900.0,8.35,12500.0,8.34,12900.0,8.33,30300.0,8.32,27100.0,8.37,6900.0,8.38,38200.0,8.39,88100.0,8.4,140800.0,8.41,40400.0,1764000
8.36,8900.0,8.35,22500.0,8.34,12900.0,8.33,30300.0,8.32,27100.0,8.37,30100.0,8.38,39100.0,8.39,88100.0,8.4,140800.0,8.41,40400.0,1767000
8.36,8900.0,8.35,23100.0,8.34,12900.0,8.33,30300.0,8.32,27100.0,8.37,36300.0,8.38,39100.0,8.39,88100.0,8.4,128500.0,8.41,40400.0,1770000
8.36,12400.0,8.35,23100.0,8.34,12900.0,8.33,30300.0,8.32,27100.0,8.37,34800.0,8.38,38100.0,8.39,90100.0,8.4,128500.0,8.41,40400.0,1773000
8.36,12900.0,8.35,23100.0,8.34,12900.0,8.33,30300.0,8.32,27100.0,8.37,34800.0,8.38,38100.0,8.39,90300.0,8.4,128500.0,8.41,40400.0,1776000
8.36,12400.0,8.35,23100.0,8.34,15100.0,8.33,30300.0,8.32,27100.0,8.37,38800.0,8.38,38100.0,8.39,90300.0,8.4,128500.0,8.41,40400.0,1779000
8.36,12400.0,8.35,23600.0,8.34,15100.0,8.33,30300.0,8.32,57100.0,8.37,35100.0,8.38,38100.0,8.39,90300.0,8.4,128500.0,8.41,40400.0,1782000
8.36,12400.0,8.35,23600.0,8.34,15100.0,8.33,30300.0,8.32,57100.0,8.37,31900.0,8.38,38100.0,8.39,90300.0,8.4,131100.0,8.41,42400.0,1785000
8.36,14900.0,8.35,23600.0,8.34,15100.0,8.33,30300.0,8.32,57100.0,8.37,31600.0,8.38,38100.0,8.39,90300.0,8.4,131100.0,8.41,42400.0,1788000
8.36,14900.0,8.35,23900.0,8.34,15100.0,8.33,30300.0,8.32,57100.0,8.37,31600.0,8.38,38100.0,8.39,94300.0,8.4,132100.0,8.41,42400.0,1791000
8.36,14900.0,8.35,26700.0,8.34,15100.0,8.33,30300.0,8.32,57100.0,8.37,31600.0,8.38,38100.0,8.39,94300.0,8.4,134500.0,8.41,42400.0,1794000
8.36,15200.0,8.35,26700.0,8.34,15100.0,8.33,30300.0,8.32,57100.0,8.37,21400.0,8.38,38100.0,8.39,94300.0,8.4,134500.0,8.41,42400.0,1797000
8.36,15200.0,8.35,26700.0,8.34,15100.0,8.33,30300.0,8.32,57100.0,8.37,16400.0,8.38,43800.0,8.39,94300.0,8.4,134500.0,8.41,42400.0,1800000
8.36,15200.0,8.35,28500.0,8.34,15100.0,8.33,30300.0,8.32,57100.0,8.37,16300.0,8.38,43800.0,8.39,94300.0,8.4,134500.0,8.41,42400.0,1803000
8.36,16200.0,8.35,31700.0,8.34,21100.0,8.33,30300.0,8.32,57100.0,8.37,14300.0,8.38,43800.0,8.39,94300.0,8.4,134500.0,8.41,42400.0,1806000
8.36,14500.0,8.35,31700.0,8.34,21100.0,8.33,30300.0,8.32,57100.0,8.37,16100.0,8.38,44200.0,8.39,94300.0,8.4,134500.0,8.41,42400.0,1809000
8.36,14500.0,8.35,31700.0,8.34,21100.0,8.33,30500.0,8.32,57100.0,8.37,14300.0,8.38,44200.0,8.39,94300.0,8.4,134500.0,8.41,42400.0,1812000
8.36,14500.0,8.35,31700.0,8.34,21100.0,8.33,20500.0,8.32,57100.0,8.37,13300.0,8.38,52200.0,8.39,94300.0,8.4,134500.0,8.41,42400.0,1815000
8.36,14300.0,8.35,36700.0,8.34,21100.0,8.33,20500.0,8.32,57100.0,8.37,11600.0,8.38,51300.0,8.39,94300.0,8.4,134500.0,8.41,42400.0,1818000
8.36,16200.0,8.35,36700.0,8.34,21100.0,8.33,20500.0,8.32,57100.0,8.37,11600.0,8.38,51300.0,8.39,94300.0,8.4,135400.0,8.41,42400.0,1821000
8.36,22300.0,8.35,36700.0,8.34,21100.0,8.33,20500.0,8.32,57100.0,8.37,11600.0,8.38,51300.0,8.39,94300.0,8.4,135400.0,8.41,42400.0,1824000
8.36,22800.0,8.35,39900.0,8.34,21100.0,8.33,20500.0,8.32,57100.0,8.37,14000.0,8.38,51300.0,8.39,96900.0,8.4,135400.0,8.41,42400.0,1827000
8.36,22800.0,8.35,39900.0,8.34,21100.0,8.33,20500.0,8.32,57100.0,8.37,13000.0,8.38,19800.0,8.39,96900.0,8.4,135400.0,8.41,42400.0,1830000
8.36,22800.0,8.35,39900.0,8.34,21100.0,8.33,20900.0,8.32,57100.0,8.37,13200.0,8.38,19800.0,8.39,96400.0,8.4,135400.0,8.41,42400.0,1833000
8.36,24800.0,8.35,39900.0,8.34,21100.0,8.33,20900.0,8.32,57100.0,8.37,13000.0,8.38,19800.0,8.39,96400.0,8.4,134500.0,8.41,42400.0,1836000
8.36,24800.0,8.35,39900.0,8.34,21100.0,8.33,20900.0,8.32,57100.0,8.37,13000.0,8.38,19800.0,8.39,97400.0,8.4,134500.0,8.41,42400.0,1839000
8.36,24800.0,8.35,39900.0,8.34,21100.0,8.33,20900.0,8.32,57100.0,8.37,12800.0,8.38,19800.0,8.39,97400.0,8.4,153300.0,8.41,42400.0,1842000
8.36,27300.0,8.35,39900.0,8.34,21100.0,8.33,20900.0,8.32,57100.0,8.37,8600.0,8.38,19800.0,8.39,97400.0,8.4,155300.0,8.41,42400.0,1845000
8.36,27300.0,8.35,39900.0,8.34,21100.0,8.33,20900.0,8.32,57100.0,8.37,2800.0,8.38,20800.0,8.39,97400.0,8.4,154300.0,8.41,42400.0,1848000
8.37,1800.0,8.36,29700.0,8.35,41100.0,8.34,21100.0,8.33,20900.0,8.38,20800.0,8.39,97400.0,8.4,154300.0,8.41,42400.0,8.42,31500.0,1851000
8.36,27200.0,8.35,41500.0,8.34,21100.0,8.33,20900.0,8.32,57100.0,8.37,20200.0,8.38,21300.0,8.39,97400.0,8.4,154300.0,8.41,42400.0,1854000
8.36,27200.0,8.35,41500.0,8.34,21100.0,8.33,20900.0,8.32,57100.0,8.37,19100.0,8.38,22400.0,8.39,97400.0,8.4,154300.0,8.41,42400.0,1857000
8.36,27200.0,8.35,43500.0,8.34,21100.0,8.33,20900.0,8.32,57100.0,8.37,13500.0,8.38,22400.0,8.39,97400.0,8.4,171600.0,8.41,42400.0,1860000
8.36,31600.0,8.35,43500.0,8.34,21100.0,8.33,20900.0,8.32,57100.0,8.37,13500.0,8.38,22400.0,8.39,101400.0,8.4,171600.0,8.41,42700.0,1863000
8.36,31500.0,8.35,43500.0,8.34,21100.0,8.33,20900.0,8.32,57100.0,8.37,13500.0,8.38,22400.0,8.39,101400.0,8.4,171600.0,8.41,42700.0,1866000
8.36,31700.0,8.35,43500.0,8.34,21100.0,8.33,20900.0,8.32,57100.0,8.37,10800.0,8.38,22400.0,8.39,101400.0,8.4,171600.0,8.41,42700.0,1869000
8.36,30900.0,8.35,43500.0,8.34,21100.0,8.33,20900.0,8.32,57100.0,8.37,5900.0,8.38,22400.0,8.39,101400.0,8.4,171600.0,8.41,42700.0,1872000
8.37,400.0,8.36,30900.0,8.35,43500.0,8.34,21100.0,8.33,20900.0,8.38,22400.0,8.39,101400.0,8.4,171600.0,8.41,42700.0,8.42,31500.0,1875000
8.37,400.0,8.36,31100.0,8.35,42300.0,8.34,21100.0,8.33,20900.0,8.38,22900.0,8.39,101400.0,8.4,171600.0,8.41,42700.0,8.42,31500.0,1878000
8.37,12800.0,8.36,29600.0,8.35,42300.0,8.34,21100.0,8.33,20900.0,8.38,22900.0,8.39,101400.0,8.4,171600.0,8.41,42700.0,8.42,31500.0,1881000
8.37,24300.0,8.36,28500.0,8.35,42300.0,8.34,21100.0,8.33,20900.0,8.38,22900.0,8.39,101400.0,8.4,171600.0,8.41,43300.0,8.42,31500.0,1884000
8.37,24300.0,8.36,28500.0,8.35,42300.0,8.34,22100.0,8.33,20900.0,8.38,22900.0,8.39,101400.0,8.4,174600.0,8.41,43300.0,8.42,31500.0,1887000
8.37,26200.0,8.36,29000.0,8.35,42300.0,8.34,22100.0,8.33,20900.0,8.38,23300.0,8.39,101400.0,8.4,174600.0,8.41,43300.0,8.42,31500.0,1890000
8.37,26700.0,8.36,29000.0,8.35,45100.0,8.34,22100.0,8.33,20900.0,8.38,11800.0,8.39,103700.0,8.4,174600.0,8.41,43300.0,8.42,31500.0,1893000
8.37,27600.0,8.36,29000.0,8.35,45100.0,8.34,22100.0,8.33,20900.0,8.38,12200.0,8.39,103700.0,8.4,174600.0,8.41,42700.0,8.42,31500.0,1896000
8.37,27600.0,8.36,29000.0,8.35,45100.0,8.34,22100.0,8.33,20900.0,8.38,11300.0,8.39,103700.0,8.4,174600.0,8.41,42700.0,8.42,31500.0,1899000
8.37,30000.0,8.36,30200.0,8.35,45600.0,8.34,22100.0,8.33,20900.0,8.38,16300.0,8.39,103700.0,8.4,174600.0,8.41,42700.0,8.42,31500.0,1902000
8.37,31000.0,8.36,30200.0,8.35,45600.0,8.34,22100.0,8.33,20900.0,8.38,15400.0,8.39,103700.0,8.4,172200.0,8.41,42700.0,8.42,31500.0,1905000
8.37,26900.0,8.36,30200.0,8.35,45600.0,8.34,22100.0,8.33,20900.0,8.38,19400.0,8.39,103700.0,8.4,172200.0,8.41,42700.0,8.42,31500.0,1908000
8.37,26900.0,8.36,30200.0,8.35,45600.0,8.34,21100.0,8.33,20900.0,8.38,15800.0,8.39,103700.0,8.4,172200.0,8.41,42700.0,8.42,31500.0,1911000
8.37,19300.0,8.36,30200.0,8.35,45600.0,8.34,21100.0,8.33,20900.0,8.38,16800.0,8.39,103700.0,8.4,172700.0,8.41,42700.0,8.42,32100.0,1914000
8.37,19300.0,8.36,30200.0,8.35,45300.0,8.34,21100.0,8.33,20900.0,8.38,8000.0,8.39,103900.0,8.4,172700.0,8.41,42700.0,8.42,32100.0,1917000
8.37,19200.0,8.36,30400.0,8.35,45300.0,8.34,21100.0,8.33,20900.0,8.38,8000.0,8.39,103900.0,8.4,173300.0,8.41,42700.0,8.42,32100.0,1920000
8.36,30600.0,8.35,45300.0,8.34,21100.0,8.33,20900.0,8.32,41300.0,8.38,4500.0,8.39,100900.0,8.4,173300.0,8.41,42700.0,8.42,32100.0,1923000
8.37,1300.0,8.36,30600.0,8.35,45300.0,8.34,21100.0,8.33,20900.0,8.38,9500.0,8.39,100900.0,8.4,173300.0,8.41,42700.0,8.42,32100.0,1926000
8.37,5900.0,8.36,30700.0,8.35,45300.0,8.34,21100.0,8.33,20900.0,8.38,10700.0,8.39,100900.0,8.4,173300.0,8.41,42700.0,8.42,32600.0,1929000
8.37,5900.0,8.36,30700.0,8.35,45300.0,8.34,21100.0,8.33,20900.0,8.38,29400.0,8.39,100900.0,8.4,173300.0,8.41,42700.0,8.42,32600.0,1932000
8.37,4400.0,8.36,40700.0,8.35,45300.0,8.34,21100.0,8.33,20900.0,8.38,27300.0,8.39,100900.0,8.4,173300.0,8.41,42700.0,8.42,32600.0,1935000
8.37,4400.0,8.36,40700.0,8.35,45300.0,8.34,21100.0,8.33,20900.0,8.38,21200.0,8.39,104900.0,8.4,173300.0,8.41,42700.0,8.42,32600.0,1938000
8.37,9100.0,8.36,40700.0,8.35,45300.0,8.34,21100.0,8.33,20900.0,8.38,23600.0,8.39,104900.0,8.4,173300.0,8.41,42700.0,8.42,32600.0,1941000
8.37,9100.0,8.36,40700.0,8.35,45300.0,8.34,21100.0,8.33,20900.0,8.38,23400.0,8.39,104900.0,8.4,173300.0,8.41,42700.0,8.42,32600.0,1944000
8.37,11600.0,8.36,40700.0,8.35,45300.0,8.34,20400.0,8.33,20900.0,8.38,25100.0,8.39,104900.0,8.4,173300.0,8.41,42700.0,8.42,32600.0,1947000
8.37,10100.0,8.36,40700.0,8.35,46300.0,8.34,20400.0,8.33,20900.0,8.38,26100.0,8.39,104900.0,8.4,173300.0,8.41,42700.0,8.42,32600.0,1950000
8.37,8700.0,8.36,41700.0,8.35,46300.0,8.34,20400.0,8.33,20900.0,8.38,26100.0,8.39,104900.0,8.4,173300.0,8.41,42700.0,8.42,32600.0,1953000
8.37,8700.0,8.36,41700.0,8.35,46300.0,8.34,20400.0,8.33,20900.0,8.38,23100.0,8.39,105400.0,8.4,173300.0,8.41,42700.0,8.42,32600.0,1956000
8.37,8400.0,8.36,41700.0,8.35,46300.0,8.34,20400.0,8.33,20900.0,8.38,23300.0,8.39,105400.0,8.4,173300.0,8.41,42700.0,8.42,32600.0,1959000
8.37,9400.0,8.36,41700.0,8.35,46300.0,8.34,20400.0,8.33,20900.0,8.38,12300.0,8.39,105400.0,8.4,173300.0,8.41,42700.0,8.42,32600.0,1962000
8.37,8400.0,8.36,41700.0,8.35,46300.0,8.34,20400.0,8.33,20900.0,8.38,28200.0,8.39,107400.0,8.4,173300.0,8.41,42700.0,8.42,32600.0,1965000
8.36,45300.0,8.35,46300.0,8.34,20400.0,8.33,20900.0,8.32,42300.0,8.37,2000.0,8.38,23200.0,8.39,107400.0,8.4,173800.0,8.41,34700.0,1968000
8.37,7000.0,8.36,45300.0,8.35,46300.0,8.34,20400.0,8.33,20900.0,8.38,23800.0,8.39,107400.0,8.4,173800.0,8.41,34700.0,8.42,32600.0,1971000
8.37,8000.0,8.36,45300.0,8.35,46300.0,8.34,20400.0,8.33,20900.0,8.38,22300.0,8.39,107400.0,8.4,173800.0,8.41,34700.0,8.42,32600.0,1974000
8.37,8000.0,8.36,45300.0,8.35,46400.0,8.34,20400.0,8.33,20900.0,8.38,19300.0,8.39,107400.0,8.4,173800.0,8.41,34700.0,8.42,32600.0,1977000
8.37,8000.0,8.36,45300.0,8.35,48100.0,8.34,20400.0,8.33,21800.0,8.38,19300.0,8.39,107400.0,8.4,173800.0,8.41,34700.0,8.42,32600.0,1980000
8.37,8000.0,8.36,45300.0,8.35,48100.0,8.34,20400.0,8.33,21800.0,8.38,20300.0,8.39,107400.0,8.4,173800.0,8.41,34700.0,8.42,32600.0,1983000
8.37,12500.0,8.36,45500.0,8.35,48100.0,8.34,20400.0,8.33,21800.0,8.38,22800.0,8.39,97400.0,8.4,173800.0,8.41,34700.0,8.42,19200.0,1986000
8.37,12500.0,8.36,45500.0,8.35,48100.0,8.34,20400.0,8.33,21800.0,8.38,34800.0,8.39,100900.0,8.4,173800.0,8.41,34700.0,8.42,19200.0,1989000
8.37,13000.0,8.36,45300.0,8.35,48100.0,8.34,20400.0,8.33,21400.0,8.38,34800.0,8.39,100900.0,8.4,173800.0,8.41,34700.0,8.42,19200.0,1992000
8.37,13000.0,8.36,45300.0,8.35,48100.0,8.34,20400.0,8.33,21400.0,8.38,36800.0,8.39,100900.0,8.4,172300.0,8.41,34700.0,8.42,19200.0,1995000
8.37,8900.0,8.36,45300.0,8.35,48100.0,8.34,20400.0,8.33,21400.0,8.38,46800.0,8.39,100900.0,8.4,172300.0,8.41,34700.0,8.42,19200.0,1998000
8.37,8900.0,8.36,45300.0,8.35,48100.0,8.34,20400.0,8.33,21400.0,8.38,43800.0,8.39,100900.0,8.4,172300.0,8.41,34700.0,8.42,19200.0,2001000
8.37,6900.0,8.36,45300.0,8.35,47100.0,8.34,20400.0,8.33,21400.0,8.38,41800.0,8.39,100900.0,8.4,172300.0,8.41,34700.0,8.42,19200.0,2004000
8.37,6400.0,8.36,46600.0,8.35,47100.0,8.34,20400.0,8.33,21400.0,8.38,42300.0,8.39,100900.0,8.4,172300.0,8.41,34700.0,8.42,19200.0,2007000
8.37,6400.0,8.36,46800.0,8.35,47100.0,8.34,20400.0,8.33,21400.0,8.38,42500.0,8.39,100900.0,8.4,172300.0,8.41,34700.0,8.42,19200.0,2010000
8.37,7100.0,8.36,46800.0,8.35,47100.0,8.34,21700.0,8.33,21400.0,8.38,42500.0,8.39,100900.0,8.4,172300.0,8.41,34700.0,8.42,19200.0,2013000
8.37,5100.0,8.36,46800.0,8.35,47100.0,8.34,21700.0,8.33,21400.0,8.38,43500.0,8.39,100900.0,8.4,174300.0,8.41,34700.0,8.42,19200.0,2016000
8.37,7000.0,8.36,46800.0,8.35,47100.0,8.34,21700.0,8.33,21400.0,8.38,43500.0,8.39,100900.0,8.4,174300.0,8.41,34700.0,8.42,19200.0,2019000
8.37,5000.0,8.36,46800.0,8.35,47100.0,8.34,21700.0,8.33,21400.0,8.38,43500.0,8.39,100900.0,8.4,174300.0,8.41,34700.0,8.42,19200.0,2022000
8.37,4300.0,8.36,46800.0,8.35,47100.0,8.34,21700.0,8.33,21400.0,8.38,46300.0,8.39,100900.0,8.4,174300.0,8.41,34700.0,8.42,19200.0,2025000
8.37,4300.0,8.36,46800.0,8.35,47100.0,8.34,21700.0,8.33,22100.0,8.38,46300.0,8.39,98100.0,8.4,184400.0,8.41,34700.0,8.42,19200.0,2028000
8.36,46800.0,8.35,47100.0,8.34,21700.0,8.33,22100.0,8.32,45300.0,8.37,4000.0,8.38,46300.0,8.39,102700.0,8.4,184400.0,8.41,34700.0,2031000
8.37,6000.0,8.36,46800.0,8.35,47100.0,8.34,21700.0,8.33,22600.0,8.38,45300.0,8.39,102700.0,8.4,183800.0,8.41,34700.0,8.42,19200.0,2034000
8.37,6000.0,8.36,46800.0,8.35,47100.0,8.34,21700.0,8.33,22600.0,8.38,45700.0,8.39,102700.0,8.4,183800.0,8.41,34700.0,8.42,19200.0,2037000
8.37,6100.0,8.36,46800.0,8.35,47500.0,8.34,21700.0,8.33,22600.0,8.38,44600.0,8.39,98700.0,8.4,183800.0,8.41,34700.0,8.42,19200.0,2040000
8.38,18200.0,8.37,24800.0,8.36,48800.0,8.35,47500.0,8.34,22700.0,8.39,98700.0,8.4,183800.0,8.41,34700.0,8.42,19200.0,8.43,16500.0,2043000
8.39,10300.0,8.38,18200.0,8.37,26600.0,8.36,49300.0,8.35,47500.0,8.4,183800.0,8.41,34700.0,8.42,19200.0,8.43,16500.0,8.44,18500.0,2046000
8.39,12000.0,8.38,18200.0,8.37,26600.0,8.36,49300.0,8.35,47500.0,8.4,186000.0,8.41,34700.0,8.42,19200.0,8.43,16500.0,8.44,18500.0,2049000
8.39,13400.0,8.38,18200.0,8.37,26600.0,8.36,49300.0,8.35,47500.0,8.4,186000.0,8.41,34700.0,8.42,19200.0,8.43,16500.0,8.44,18500.0,2052000
8.39,13400.0,8.38,18200.0,8.37,26600.0,8.36,49300.0,8.35,47500.0,8.4,185500.0,8.41,34700.0,8.42,19200.0,8.43,16500.0,8.44,18500.0,2055000
8.39,5500.0,8.38,19200.0,8.37,26600.0,8.36,49900.0,8.35,47500.0,8.4,185500.0,8.41,34700.0,8.42,19200.0,8.43,16500.0,8.44,18500.0,2058000
8.39,5500.0,8.38,19200.0,8.37,26600.0,8.36,49900.0,8.35,47600.0,8.4,181400.0,8.41,34700.0,8.42,19200.0,8.43,16500.0,8.44,18500.0,2061000
8.39,5500.0,8.38,1000.0,8.37,28100.0,8.36,50100.0,8.35,47600.0,8.4,180300.0,8.41,34700.0,8.42,19200.0,8.43,16500.0,8.44,18500.0,2064000
8.39,6400.0,8.38,1600.0,8.37,28100.0,8.36,50100.0,8.35,47200.0,8.4,179800.0,8.41,34700.0,8.42,19200.0,8.43,16500.0,8.44,18500.0,2067000
8.39,6500.0,8.38,1600.0,8.37,28100.0,8.36,50100.0,8.35,47200.0,8.4,179400.0,8.41,34700.0,8.42,19200.0,8.43,16500.0,8.44,17600.0,2070000
8.38,1600.0,8.37,27100.0,8.36,51900.0,8.35,42200.0,8.34,22700.0,8.39,3200.0,8.4,179900.0,8.41,34700.0,8.42,19200.0,8.43,16500.0,2073000
8.38,2000.0,8.37,27100.0,8.36,51900.0,8.35,42200.0,8.34,22700.0,8.39,4500.0,8.4,179900.0,8.41,34700.0,8.42,19200.0,8.43,16500.0,2076000
8.38,2000.0,8.37,27100.0,8.36,51900.0,8.35,42200.0,8.34,22700.0,8.39,2000.0,8.4,179900.0,8.41,34700.0,8.42,18800.0,8.43,16500.0,2079000
8.38,7000.0,8.37,27100.0,8.36,51900.0,8.35,41800.0,8.34,22700.0,8.39,2000.0,8.4,179900.0,8.41,34700.0,8.42,18800.0,8.43,16500.0,2082000
8.38,17100.0,8.37,27100.0,8.36,51900.0,8.35,44200.0,8.34,22700.0,8.39,1000.0,8.4,179900.0,8.41,34700.0,8.42,19400.0,8.43,16500.0,2085000
8.39,2000.0,8.38,17100.0,8.37,27100.0,8.36,51900.0,8.35,44200.0,8.4,179900.0,8.41,34700.0,8.42,19400.0,8.43,16500.0,8.44,17600.0,2088000
8.39,2500.0,8.38,20000.0,8.37,27100.0,8.36,51900.0,8.35,44200.0,8.4,180100.0,8.41,35100.0,8.42,19400.0,8.43,16500.0,8.44,17600.0,2091000
8.38,15000.0,8.37,27100.0,8.36,51900.0,8.35,44200.0,8.34,22700.0,8.39,7500.0,8.4,180100.0,8.41,35500.0,8.42,19400.0,8.43,16500.0,2094000
8.38,15000.0,8.37,28100.0,8.36,51900.0,8.35,44200.0,8.34,22700.0,8.39,7500.0,8.4,180100.0,8.41,35500.0,8.42,19400.0,8.43,16500.0,2097000
8.38,15000.0,8.37,28100.0,8.36,51900.0,8.35,44200.0,8.34,22700.0,8.39,12500.0,8.4,176100.0,8.41,35500.0,8.42,19400.0,8.43,16500.0,2100000
8.38,15000.0,8.37,28600.0,8.36,51900.0,8.35,44200.0,8.34,22700.0,8.39,20800.0,8.4,175500.0,8.41,35500.0,8.42,19400.0,8.43,16500.0,2103000
8.38,15700.0,8.37,5300.0,8.36,51900.0,8.35,44200.0,8.34,22700.0,8.39,34400.0,8.4,175500.0,8.41,35500.0,8.42,19400.0,8.43,16500.0,2106000
8.38,5900.0,8.37,6300.0,8.36,51900.0,8.35,44200.0,8.34,22700.0,8.39,33200.0,8.4,175500.0,8.41,35500.0,8.42,19400.0,8.43,16500.0,2109000
8.38,1900.0,8.37,6300.0,8.36,51900.0,8.35,44200.0,8.34,22700.0,8.39,85300.0,8.4,175500.0,8.41,35500.0,8.42,19400.0,8.43,16500.0,2112000
8.37,6300.0,8.36,48300.0,8.35,44200.0,8.34,22700.0,8.33,32400.0,8.38,4500.0,8.39,79100.0,8.4,175500.0,8.41,35500.0,8.42,19400.0,2115000
8.37,16300.0,8.36,48300.0,8.35,44200.0,8.34,22700.0,8.33,32400.0,8.39,71600.0,8.4,176000.0,8.41,43100.0,8.42,19400.0,8.43,16500.0,2118000
8.37,16300.0,8.36,48300.0,8.35,44200.0,8.34,22700.0,8.33,32400.0,8.38,300.0,8.39,79700.0,8.4,174000.0,8.41,43100.0,8.42,19400.0,2121000
8.37,16300.0,8.36,48300.0,8.35,45800.0,8.34,22700.0,8.33,32400.0,8.38,13500.0,8.39,42300.0,8.4,179900.0,8.41,43100.0,8.42,19400.0,2124000
8.37,8400.0,8.36,48300.0,8.35,45800.0,8.34,25000.0,8.33,32400.0,8.38,41400.0,8.39,45300.0,8.4,180200.0,8.41,43100.0,8.42,19400.0,2127000
8.37,3400.0,8.36,48300.0,8.35,45800.0,8.34,25000.0,8.33,32400.0,8.38,42300.0,8.39,50300.0,8.4,180200.0,8.41,43100.0,8.42,19400.0,2130000
8.37,700.0,8.36,48300.0,8.35,45800.0,8.34,25000.0,8.33,32400.0,8.38,41200.0,8.39,50300.0,8.4,180200.0,8.41,43100.0,8.42,19300.0,2133000
8.37,6700.0,8.36,48300.0,8.35,45800.0,8.34,25000.0,8.33,32400.0,8.38,41200.0,8.39,50300.0,8.4,175100.0,8.41,43100.0,8.42,120500.0,2136000
8.37,8600.0,8.36,48300.0,8.35,45800.0,8.34,25000.0,8.33,32400.0,8.38,41000.0,8.39,50300.0,8.4,175100.0,8.41,43100.0,8.42,120500.0,2139000
8.37,100.0,8.36,48300.0,8.35,45800.0,8.34,25000.0,8.33,32400.0,8.38,32700.0,8.39,50300.0,8.4,177500.0,8.41,43100.0,8.42,120500.0,2142000
8.37,200.0,8.36,48300.0,8.35,45800.0,8.34,25000.0,8.33,32400.0,8.38,36700.0,8.39,52800.0,8.4,177500.0,8.41,43100.0,8.42,120500.0,2145000
8.37,200.0,8.36,57300.0,8.35,46300.0,8.34,25000.0,8.33,32400.0,8.38,38700.0,8.39,52800.0,8.4,178700.0,8.41,43100.0,8.42,120500.0,2148000
8.36,48300.0,8.35,46300.0,8.34,25000.0,8.33,32400.0,8.32,44000.0,8.37,300.0,8.38,38700.0,8.39,52800.0,8.4,178700.0,8.41,43100.0,2151000
8.36,48500.0,8.35,46300.0,8.34,25000.0,8.33,32400.0,8.32,44000.0,8.37,100.0,8.38,38700.0,8.39,52800.0,8.4,178700.0,8.41,43100.0,2154000
8.37,14600.0,8.36,49100.0,8.35,46300.0,8.34,25000.0,8.33,32400.0,8.38,38700.0,8.39,53000.0,8.4,178400.0,8.41,43100.0,8.42,120500.0,2157000
8.37,17500.0,8.36,49100.0,8.35,46300.0,8.34,25000.0,8.33,32400.0,8.38,38400.0,8.39,53000.0,8.4,179400.0,8.41,43100.0,8.42,120500.0,2160000
8.37,17500.0,8.36,49100.0,8.35,47700.0,8.34,25000.0,8.33,32400.0,8.38,38600.0,8.39,53000.0,8.4,179500.0,8.41,43100.0,8.42,120500.0,2163000
8.37,17500.0,8.36,49600.0,8.35,52700.0,8.34,25000.0,8.33,32400.0,8.38,41200.0,8.39,47500.0,8.4,180200.0,8.41,43100.0,8.42,120500.0,2166000
8.37,13300.0,8.36,49600.0,8.35,52700.0,8.34,25000.0,8.33,32400.0,8.38,34100.0,8.39,47500.0,8.4,180200.0,8.41,43100.0,8.42,120500.0,2169000
8.37,14300.0,8.36,51400.0,8.35,52700.0,8.34,27500.0,8.33,32400.0,8.38,23600.0,8.39,48500.0,8.4,181200.0,8.41,44100.0,8.42,120500.0,2172000
8.37,14300.0,8.36,51400.0,8.35,52700.0,8.34,27500.0,8.33,32400.0,8.38,23600.0,8.39,48500.0,8.4,182200.0,8.41,44100.0,8.42,120500.0,2175000
8.37,14300.0,8.36,52300.0,8.35,52700.0,8.34,27500.0,8.33,32400.0,8.38,23600.0,8.39,48500.0,8.4,182400.0,8.41,43100.0,8.42,120700.0,2178000
8.37,14300.0,8.36,52300.0,8.35,56800.0,8.34,27500.0,8.33,32400.0,8.38,28600.0,8.39,48500.0,8.4,182400.0,8.41,43100.0,8.42,120700.0,2181000
8.37,14300.0,8.36,52300.0,8.35,56800.0,8.34,27500.0,8.33,32400.0,8.38,31300.0,8.39,48500.0,8.4,182400.0,8.41,43100.0,8.42,120700.0,2184000
8.37,13300.0,8.36,52600.0,8.35,56800.0,8.34,27500.0,8.33,32400.0,8.38,28700.0,8.39,48500.0,8.4,182400.0,8.41,43100.0,8.42,120700.0,2187000
8.36,52600.0,8.35,56800.0,8.34,47500.0,8.33,32400.0,8.32,44000.0,8.37,8500.0,8.38,27700.0,8.39,48500.0,8.4,182400.0,8.41,43100.0,2190000
8.36,52600.0,8.35,56800.0,8.34,47500.0,8.33,32400.0,8.32,44000.0,8.37,8800.0,8.38,27700.0,8.39,48500.0,8.4,184400.0,8.41,43100.0,2193000
8.36,52600.0,8.35,56800.0,8.34,47500.0,8.33,32400.0,8.32,44000.0,8.37,9100.0,8.38,27700.0,8.39,50700.0,8.4,184400.0,8.41,43100.0,2196000
8.36,52600.0,8.35,56800.0,8.34,47500.0,8.33,32400.0,8.32,44000.0,8.37,10300.0,8.38,27700.0,8.39,50700.0,8.4,184400.0,8.41,43100.0,2199000
8.36,52600.0,8.35,56800.0,8.34,47500.0,8.33,32400.0,8.32,44000.0,8.37,8300.0,8.38,27700.0,8.39,50700.0,8.4,184400.0,8.41,43100.0,2202000
8.36,52600.0,8.35,56800.0,8.34,47500.0,8.33,32400.0,8.32,44000.0,8.37,9400.0,8.38,27700.0,8.39,50700.0,8.4,184900.0,8.41,43100.0,2205000
8.36,52600.0,8.35,57000.0,8.34,47500.0,8.33,34400.0,8.32,44000.0,8.37,8400.0,8.38,27700.0,8.39,50700.0,8.4,185500.0,8.41,43100.0,2208000
8.37,21900.0,8.36,52600.0,8.35,57000.0,8.34,48100.0,8.33,34400.0,8.38,27700.0,8.39,50700.0,8.4,185500.0,8.41,43100.0,8.42,120700.0,2211000
8.37,22300.0,8.36,52200.0,8.35,57000.0,8.34,40600.0,8.33,34400.0,8.38,27700.0,8.39,50700.0,8.4,185500.0,8.41,43100.0,8.42,120700.0,2214000
8.37,22300.0,8.36,53000.0,8.35,57000.0,8.34,40600.0,8.33,34400.0,8.38,27700.0,8.39,53700.0,8.4,185500.0,8.41,43100.0,8.42,120700.0,2217000
8.37,46000.0,8.36,52400.0,8.35,57000.0,8.34,40600.0,8.33,35600.0,8.38,32700.0,8.39,56700.0,8.4,185500.0,8.41,43100.0,8.42,120700.0,2220000
8.37,46800.0,8.36,52300.0,8.35,57000.0,8.34,40600.0,8.33,35600.0,8.38,32700.0,8.39,56700.0,8.4,185500.0,8.41,43300.0,8.42,120700.0,2223000
8.37,50300.0,8.36,52300.0,8.35,57000.0,8.34,40600.0,8.33,35600.0,8.38,14900.0,8.39,51900.0,8.4,185500.0,8.41,43300.0,8.42,120700.0,2226000
8.37,50300.0,8.36,52300.0,8.35,57000.0,8.34,40600.0,8.33,35600.0,8.38,18200.0,8.39,51900.0,8.4,185500.0,8.41,43300.0,8.42,120700.0,2229000
8.37,53100.0,8.36,35600.0,8.35,57000.0,8.34,41200.0,8.33,35600.0,8.38,18200.0,8.39,51900.0,8.4,185500.0,8.41,43300.0,8.42,120700.0,2232000
8.37,53600.0,8.36,30300.0,8.35,57100.0,8.34,41200.0,8.33,25600.0,8.38,18200.0,8.39,51900.0,8.4,184900.0,8.41,43300.0,8.42,120700.0,2235000
8.37,53600.0,8.36,30300.0,8.35,57100.0,8.34,41200.0,8.33,25600.0,8.38,18600.0,8.39,51900.0,8.4,184900.0,8.41,43300.0,8.42,120700.0,2238000
8.37,53600.0,8.36,30300.0,8.35,57100.0,8.34,41200.0,8.33,25600.0,8.38,16700.0,8.39,51900.0,8.4,184900.0,8.41,43300.0,8.42,120700.0,2241000
8.37,54900.0,8.36,30300.0,8.35,57100.0,8.34,41200.0,8.33,26600.0,8.38,3600.0,8.39,51900.0,8.4,182900.0,8.41,43300.0,8.42,120700.0,2244000
8.37,55900.0,8.36,30300.0,8.35,57100.0,8.34,41200.0,8.33,26600.0,8.38,900.0,8.39,51900.0,8.4,184200.0,8.41,43300.0,8.42,120700.0,2247000
8.38,8600.0,8.37,55900.0,8.36,30300.0,8.35,57100.0,8.34,41200.0,8.39,51900.0,8.4,184200.0,8.41,43300.0,8.42,120700.0,8.43,19200.0,2253000
8.38,18600.0,8.37,55900.0,8.36,30300.0,8.35,57100.0,8.34,41200.0,8.39,51900.0,8.4,184200.0,8.41,43300.0,8.42,120900.0,8.43,19200.0,2256000
8.38,18600.0,8.37,55900.0,8.36,30300.0,8.35,53200.0,8.34,41200.0,8.39,61100.0,8.4,184200.0,8.41,43300.0,8.42,120900.0,8.43,19200.0,2259000
8.38,18600.0,8.37,56400.0,8.36,30300.0,8.35,55500.0,8.34,41200.0,8.39,48000.0,8.4,184200.0,8.41,43300.0,8.42,120900.0,8.43,19200.0,2262000
8.38,18600.0,8.37,56400.0,8.36,30300.0,8.35,55500.0,8.34,41200.0,8.39,37600.0,8.4,181200.0,8.41,43300.0,8.42,120900.0,8.43,19200.0,2265000
8.38,22500.0,8.37,56400.0,8.36,30300.0,8.35,55500.0,8.34,41200.0,8.39,28700.0,8.4,181200.0,8.41,43300.0,8.42,120900.0,8.43,19200.0,2268000
8.38,24300.0,8.37,56400.0,8.36,30300.0,8.35,55500.0,8.34,41200.0,8.39,27200.0,8.4,179900.0,8.41,43300.0,8.42,120900.0,8.43,19200.0,2271000
8.38,24300.0,8.37,56400.0,8.36,30300.0,8.35,55500.0,8.34,41200.0,8.39,7900.0,8.4,179900.0,8.41,43300.0,8.42,120900.0,8.43,19200.0,2274000
8.38,24300.0,8.37,56400.0,8.36,30300.0,8.35,55500.0,8.34,41200.0,8.39,7200.0,8.4,179900.0,8.41,43300.0,8.42,120900.0,8.43,19200.0,2277000
8.39,32500.0,8.38,24500.0,8.37,56000.0,8.36,30300.0,8.35,55500.0,8.4,179900.0,8.41,43300.0,8.42,120900.0,8.43,19200.0,8.44,18400.0,2280000
8.39,36900.0,8.38,27500.0,8.37,56000.0,8.36,30300.0,8.35,55500.0,8.4,178000.0,8.41,43300.0,8.42,120900.0,8.43,19200.0,8.44,18400.0,2283000
8.39,8900.0,8.38,27500.0,8.37,45200.0,8.36,30300.0,8.35,55000.0,8.4,187300.0,8.41,43300.0,8.42,120900.0,8.43,19200.0,8.44,18400.0,2286000
8.39,6900.0,8.38,27500.0,8.37,45200.0,8.36,30300.0,8.35,55000.0,8.4,186800.0,8.41,43300.0,8.42,120900.0,8.43,19200.0,8.44,18400.0,2289000
8.39,4900.0,8.38,27500.0,8.37,45200.0,8.36,30300.0,8.35,55000.0,8.4,163000.0,8.41,43300.0,8.42,120900.0,8.43,18700.0,8.44,18400.0,2292000
8.39,28900.0,8.38,27500.0,8.37,45200.0,8.36,30300.0,8.35,85000.0,8.4,162500.0,8.41,43300.0,8.42,19700.0,8.43,18700.0,8.44,18400.0,2295000
8.39,28900.0,8.38,27700.0,8.37,45200.0,8.36,30300.0,8.35,85000.0,8.4,159200.0,8.41,43300.0,8.42,19700.0,8.43,18700.0,8.44,18400.0,2298000
8.39,30900.0,8.38,27700.0,8.37,45700.0,8.36,30300.0,8.35,85000.0,8.4,159200.0,8.41,43300.0,8.42,19700.0,8.43,18700.0,8.44,18400.0,2301000
8.39,32300.0,8.38,27700.0,8.37,45700.0,8.36,30300.0,8.35,85000.0,8.4,156400.0,8.41,43800.0,8.42,19700.0,8.43,18700.0,8.44,18400.0,2304000
8.39,42600.0,8.38,27900.0,8.37,42400.0,8.36,30300.0,8.35,83600.0,8.4,156200.0,8.41,43800.0,8.42,19700.0,8.43,16200.0,8.44,18400.0,2307000
8.39,42100.0,8.38,27900.0,8.37,42400.0,8.36,30300.0,8.35,83600.0,8.4,152200.0,8.41,43800.0,8.42,19700.0,8.43,16200.0,8.44,18400.0,2310000
8.39,51300.0,8.38,27900.0,8.37,42400.0,8.36,30300.0,8.35,83600.0,8.4,153100.0,8.41,43800.0,8.42,19700.0,8.43,16200.0,8.44,119600.0,2313000
8.39,51300.0,8.38,27900.0,8.37,42400.0,8.36,30300.0,8.35,86100.0,8.4,156800.0,8.41,43800.0,8.42,21800.0,8.43,16200.0,8.44,119600.0,2316000
8.39,50100.0,8.38,27900.0,8.37,42400.0,8.36,30300.0,8.35,86400.0,8.4,155700.0,8.41,43800.0,8.42,21800.0,8.43,16200.0,8.44,119600.0,2319000
8.39,50100.0,8.38,27900.0,8.37,42400.0,8.36,30300.0,8.35,86400.0,8.4,156900.0,8.41,43800.0,8.42,21800.0,8.43,16200.0,8.44,119600.0,2322000
8.39,50100.0,8.38,27900.0,8.37,42400.0,8.36,30300.0,8.35,86400.0,8.4,126400.0,8.41,43800.0,8.42,21800.0,8.43,16200.0,8.44,122100.0,2325000
8.39,54100.0,8.38,26100.0,8.37,42400.0,8.36,30300.0,8.35,86400.0,8.4,126800.0,8.41,43800.0,8.42,21800.0,8.43,16200.0,8.44,122100.0,2328000
8.39,54100.0,8.38,26600.0,8.37,42400.0,8.36,30300.0,8.35,86300.0,8.4,128500.0,8.41,43800.0,8.42,21800.0,8.43,16200.0,8.44,122100.0,2331000
8.39,59100.0,8.38,23600.0,8.37,42400.0,8.36,30100.0,8.35,84700.0,8.4,122800.0,8.41,43800.0,8.42,21800.0,8.43,16200.0,8.44,122100.0,2334000
8.39,54600.0,8.38,23600.0,8.37,42400.0,8.36,30100.0,8.35,86700.0,8.4,122600.0,8.41,43800.0,8.42,21800.0,8.43,16200.0,8.44,122100.0,2337000
8.39,55600.0,8.38,23600.0,8.37,43800.0,8.36,30100.0,8.35,86700.0,8.4,115000.0,8.41,43800.0,8.42,21800.0,8.43,20200.0,8.44,122100.0,2340000
8.39,59700.0,8.38,23600.0,8.37,43800.0,8.36,28300.0,8.35,86700.0,8.4,115000.0,8.41,43800.0,8.42,21800.0,8.43,20200.0,8.44,122100.0,2343000
8.39,62700.0,8.38,23700.0,8.37,43800.0,8.36,28300.0,8.35,86700.0,8.4,115000.0,8.41,43800.0,8.42,26200.0,8.43,23200.0,8.44,122100.0,2346000
8.39,62700.0,8.38,25200.0,8.37,43900.0,8.36,28300.0,8.35,88200.0,8.4,73900.0,8.41,43800.0,8.42,26200.0,8.43,24100.0,8.44,122700.0,2352000
8.39,63300.0,8.38,25200.0,8.37,43900.0,8.36,28400.0,8.35,88200.0,8.4,78900.0,8.41,43800.0,8.42,26200.0,8.43,24100.0,8.44,122700.0,2355000
8.39,63300.0,8.38,25200.0,8.37,43900.0,8.36,28400.0,8.35,88300.0,8.4,79200.0,8.41,43800.0,8.42,26200.0,8.43,25100.0,8.44,122700.0,2358000
8.39,63200.0,8.38,24700.0,8.37,43600.0,8.36,30400.0,8.35,88300.0,8.4,72300.0,8.41,43800.0,8.42,26200.0,8.43,25100.0,8.44,122700.0,2361000
8.39,64000.0,8.38,24700.0,8.37,43600.0,8.36,30400.0,8.35,88300.0,8.4,64800.0,8.41,43800.0,8.42,26200.0,8.43,25100.0,8.44,122700.0,2364000
8.39,61300.0,8.38,24700.0,8.37,43600.0,8.36,35000.0,8.35,88300.0,8.4,65300.0,8.41,43800.0,8.42,26200.0,8.43,25100.0,8.44,122700.0,2367000
8.4,16600.0,8.39,61300.0,8.38,24700.0,8.37,43800.0,8.36,35000.0,8.41,44000.0,8.42,26200.0,8.43,25100.0,8.44,122700.0,8.45,99500.0,2370000
8.4,17700.0,8.39,61800.0,8.38,24700.0,8.37,42300.0,8.36,35000.0,8.41,48000.0,8.42,26200.0,8.43,35100.0,8.44,122700.0,8.45,99500.0,2373000
8.4,27700.0,8.39,61800.0,8.38,26900.0,8.37,42300.0,8.36,35000.0,8.41,57000.0,8.42,26200.0,8.43,35100.0,8.44,122700.0,8.45,99500.0,2376000
8.4,38500.0,8.39,62300.0,8.38,26900.0,8.37,42300.0,8.36,36000.0,8.41,56900.0,8.42,26200.0,8.43,39400.0,8.44,122700.0,8.45,99500.0,2379000
8.4,33800.0,8.39,62300.0,8.38,26900.0,8.37,43300.0,8.36,36000.0,8.41,47600.0,8.42,26200.0,8.43,39400.0,8.44,122700.0,8.45,100000.0,2382000
8.4,35300.0,8.39,61800.0,8.38,26900.0,8.37,43300.0,8.36,36000.0,8.41,47200.0,8.42,26200.0,8.43,39400.0,8.44,122700.0,8.45,100000.0,2385000
8.4,35400.0,8.39,61800.0,8.38,26900.0,8.37,43300.0,8.36,36000.0,8.41,35200.0,8.42,26200.0,8.43,39400.0,8.44,122700.0,8.45,100000.0,2388000
8.4,38000.0,8.39,60000.0,8.38,18300.0,8.37,42800.0,8.36,36000.0,8.41,23700.0,8.42,26200.0,8.43,39400.0,8.44,122700.0,8.45,100000.0,2391000
8.4,38500.0,8.39,58600.0,8.38,18300.0,8.37,42800.0,8.36,36000.0,8.41,22500.0,8.42,31200.0,8.43,44100.0,8.44,122700.0,8.45,100000.0,2394000
8.4,38800.0,8.39,58600.0,8.38,18300.0,8.37,42800.0,8.36,36000.0,8.41,4300.0,8.42,33200.0,8.43,44100.0,8.44,122700.0,8.45,100600.0,2397000
8.4,38800.0,8.39,58700.0,8.38,18100.0,8.37,44800.0,8.36,36000.0,8.41,4000.0,8.42,33200.0,8.43,51600.0,8.44,126200.0,8.45,100600.0,2400000
8.4,40000.0,8.39,58700.0,8.38,18100.0,8.37,37200.0,8.36,36000.0,8.41,1200.0,8.42,33200.0,8.43,51600.0,8.44,126200.0,8.45,101000.0,2403000
8.41,1800.0,8.4,40000.0,8.39,39400.0,8.38,18100.0,8.37,37200.0,8.42,57400.0,8.43,81600.0,8.44,126200.0,8.45,105200.0,8.46,15900.0,2406000
8.4,41000.0,8.39,39400.0,8.38,18300.0,8.37,37200.0,8.36,36000.0,8.41,15400.0,8.42,60900.0,8.43,81600.0,8.44,126200.0,8.45,105200.0,2409000
8.4,41000.0,8.39,39400.0,8.38,18300.0,8.37,35800.0,8.36,36000.0,8.41,5400.0,8.42,66800.0,8.43,81600.0,8.44,126200.0,8.45,105200.0,2412000
8.4,36900.0,8.39,39400.0,8.38,18300.0,8.37,35800.0,8.36,36000.0,8.41,35100.0,8.42,59600.0,8.43,81600.0,8.44,126200.0,8.45,105200.0,2415000
8.4,36900.0,8.39,39400.0,8.38,18300.0,8.37,35800.0,8.36,36000.0,8.41,67700.0,8.42,39900.0,8.43,82800.0,8.44,126200.0,8.45,105200.0,2418000
8.4,12000.0,8.39,39400.0,8.38,18300.0,8.37,35800.0,8.36,36000.0,8.41,11800.0,8.42,41900.0,8.43,85500.0,8.44,126200.0,8.45,105200.0,2421000
8.4,1300.0,8.39,39400.0,8.38,8300.0,8.37,12100.0,8.36,36000.0,8.41,24400.0,8.42,42900.0,8.43,86500.0,8.44,122700.0,8.45,105400.0,2424000
8.4,1000.0,8.39,40200.0,8.38,8300.0,8.37,11900.0,8.36,33700.0,8.41,28300.0,8.42,42900.0,8.43,86500.0,8.44,122700.0,8.45,105400.0,2427000
8.39,40200.0,8.38,8300.0,8.37,11900.0,8.36,33700.0,8.35,95300.0,8.4,1100.0,8.41,30400.0,8.42,42900.0,8.43,86500.0,8.44,120700.0,2430000
8.4,3000.0,8.39,41700.0,8.38,10300.0,8.37,11900.0,8.36,35700.0,8.41,30300.0,8.42,37000.0,8.43,86500.0,8.44,120700.0,8.45,105400.0,2433000
8.4,1300.0,8.39,41700.0,8.38,10300.0,8.37,11900.0,8.36,35700.0,8.41,30800.0,8.42,39000.0,8.43,90000.0,8.44,120700.0,8.45,105400.0,2436000
8.4,2600.0,8.39,44700.0,8.38,10300.0,8.37,11900.0,8.36,35700.0,8.41,30800.0,8.42,39000.0,8.43,90200.0,8.44,120700.0,8.45,105400.0,2439000
8.4,6300.0,8.39,44700.0,8.38,10300.0,8.37,11900.0,8.36,35700.0,8.41,30800.0,8.42,39800.0,8.43,90200.0,8.44,120700.0,8.45,105400.0,2442000
8.4,6700.0,8.39,44700.0,8.38,10300.0,8.37,11900.0,8.36,35700.0,8.41,32500.0,8.42,39800.0,8.43,90200.0,8.44,122700.0,8.45,105400.0,2445000
8.4,3600.0,8.39,45000.0,8.38,8100.0,8.37,11900.0,8.36,35700.0,8.41,33700.0,8.42,39800.0,8.43,91200.0,8.44,122700.0,8.45,105400.0,2448000
8.4,10100.0,8.39,48200.0,8.38,8100.0,8.37,11900.0,8.36,35700.0,8.41,33700.0,8.42,39800.0,8.43,91200.0,8.44,122700.0,8.45,105800.0,2451000
8.4,10100.0,8.39,48200.0,8.38,8100.0,8.37,11900.0,8.36,35700.0,8.41,34200.0,8.42,39800.0,8.43,88500.0,8.44,122700.0,8.45,112100.0,2454000
8.4,11400.0,8.39,48200.0,8.38,8100.0,8.37,11900.0,8.36,35700.0,8.41,34200.0,8.42,39800.0,8.43,88300.0,8.44,122700.0,8.45,112100.0,2457000
8.39,48200.0,8.38,8100.0,8.37,11900.0,8.36,35700.0,8.35,101200.0,8.4,171800.0,8.41,32100.0,8.42,39800.0,8.43,88900.0,8.44,122700.0,2460000
8.39,48200.0,8.38,8500.0,8.37,11900.0,8.36,35700.0,8.35,101200.0,8.4,175900.0,8.41,19100.0,8.42,39800.0,8.43,93900.0,8.44,122700.0,2463000
8.39,48200.0,8.38,8500.0,8.37,13000.0,8.36,35700.0,8.35,101200.0,8.4,182800.0,8.41,19800.0,8.42,39400.0,8.43,93900.0,8.44,122700.0,2466000
8.39,36700.0,8.38,8500.0,8.37,13000.0,8.36,35700.0,8.35,101200.0,8.4,182300.0,8.41,19800.0,8.42,39400.0,8.43,93900.0,8.44,123000.0,2469000
8.39,36700.0,8.38,8500.0,8.37,13000.0,8.36,35700.0,8.35,101200.0,8.4,190300.0,8.41,18600.0,8.42,39400.0,8.43,93900.0,8.44,123000.0,2472000
8.39,18600.0,8.38,8500.0,8.37,13000.0,8.36,35700.0,8.35,101200.0,8.4,190900.0,8.41,19300.0,8.42,38300.0,8.43,93900.0,8.44,123000.0,2475000
8.39,14600.0,8.38,8500.0,8.37,12500.0,8.36,35700.0,8.35,101200.0,8.4,186900.0,8.41,19300.0,8.42,38300.0,8.43,93900.0,8.44,123000.0,2478000
8.39,13400.0,8.38,8500.0,8.37,12500.0,8.36,35700.0,8.35,101200.0,8.4,181200.0,8.41,19300.0,8.42,38300.0,8.43,93900.0,8.44,123000.0,2481000
8.39,13400.0,8.38,8500.0,8.37,15100.0,8.36,37700.0,8.35,101200.0,8.4,181200.0,8.41,21300.0,8.42,37500.0,8.43,93900.0,8.44,123000.0,2484000
8.39,15500.0,8.38,8500.0,8.37,15100.0,8.36,37700.0,8.35,101200.0,8.4,181200.0,8.41,21800.0,8.42,37500.0,8.43,93900.0,8.44,123000.0,2487000
8.39,24900.0,8.38,8500.0,8.37,15100.0,8.36,37700.0,8.35,101200.0,8.4,181200.0,8.41,21800.0,8.42,37500.0,8.43,83900.0,8.44,123000.0,2490000
8.39,24400.0,8.38,10100.0,8.37,15100.0,8.36,37700.0,8.35,101200.0,8.4,173900.0,8.41,21800.0,8.42,37500.0,8.43,83900.0,8.44,123000.0,2493000
8.39,25400.0,8.38,10400.0,8.37,15100.0,8.36,37700.0,8.35,101200.0,8.4,173200.0,8.41,19800.0,8.42,37500.0,8.43,83900.0,8.44,123000.0,2496000
8.39,16000.0,8.38,10900.0,8.37,15100.0,8.36,37700.0,8.35,98700.0,8.4,173200.0,8.41,19800.0,8.42,37500.0,8.43,83900.0,8.44,123000.0,2499000
8.39,16000.0,8.38,10400.0,8.37,15100.0,8.36,38700.0,8.35,98700.0,8.4,172900.0,8.41,19800.0,8.42,37500.0,8.43,83900.0,8.44,123000.0,2502000
8.39,6700.0,8.38,12400.0,8.37,15100.0,8.36,38700.0,8.35,98700.0,8.4,172900.0,8.41,19800.0,8.42,37900.0,8.43,83900.0,8.44,123000.0,2505000
8.39,4700.0,8.38,12400.0,8.37,15100.0,8.36,38700.0,8.35,98700.0,8.4,172200.0,8.41,19800.0,8.42,37900.0,8.43,83900.0,8.44,123000.0,2508000
8.39,4700.0,8.38,13700.0,8.37,15100.0,8.36,38700.0,8.35,98700.0,8.4,176200.0,8.41,19800.0,8.42,37900.0,8.43,83900.0,8.44,123000.0,2511000
8.39,4700.0,8.38,13700.0,8.37,15100.0,8.36,38700.0,8.35,101100.0,8.4,176200.0,8.41,19300.0,8.42,37900.0,8.43,83900.0,8.44,123000.0,2514000
8.39,4700.0,8.38,13700.0,8.37,15100.0,8.36,38700.0,8.35,101100.0,8.4,176200.0,8.41,19300.0,8.42,37900.0,8.43,83900.0,8.44,123000.0,2517000
8.39,12800.0,8.38,13700.0,8.37,15100.0,8.36,38700.0,8.35,101100.0,8.4,177200.0,8.41,19300.0,8.42,37900.0,8.43,83900.0,8.44,21800.0,2520000
8.39,11700.0,8.38,13700.0,8.37,15100.0,8.36,38700.0,8.35,101100.0,8.4,177100.0,8.41,19300.0,8.42,37900.0,8.43,83900.0,8.44,21800.0,2523000
8.39,15500.0,8.38,13700.0,8.37,15100.0,8.36,38700.0,8.35,101100.0,8.4,177000.0,8.41,19300.0,8.42,37900.0,8.43,83900.0,8.44,21800.0,2526000
8.39,8600.0,8.38,13400.0,8.37,15100.0,8.36,38700.0,8.35,101100.0,8.4,177000.0,8.41,25800.0,8.42,37900.0,8.43,83900.0,8.44,21800.0,2529000
8.39,31800.0,8.38,15100.0,8.37,15100.0,8.36,38700.0,8.35,101100.0,8.4,177000.0,8.41,25800.0,8.42,37900.0,8.43,83900.0,8.44,21800.0,2532000
8.39,31800.0,8.38,15100.0,8.37,15100.0,8.36,38700.0,8.35,101600.0,8.4,175800.0,8.41,25800.0,8.42,37900.0,8.43,84000.0,8.44,21800.0,2535000
8.39,30500.0,8.38,15100.0,8.37,15100.0,8.36,38700.0,8.35,101600.0,8.4,175800.0,8.41,32700.0,8.42,37900.0,8.43,84000.0,8.44,21800.0,2538000
8.39,30500.0,8.38,15100.0,8.37,15100.0,8.36,38800.0,8.35,101600.0,8.4,175800.0,8.41,32700.0,8.42,37900.0,8.43,84000.0,8.44,21800.0,2541000
8.39,34100.0,8.38,15100.0,8.37,15100.0,8.36,38800.0,8.35,101600.0,8.4,175800.0,8.41,32700.0,8.42,115300.0,8.43,84000.0,8.44,21800.0,2544000
8.39,34100.0,8.38,15600.0,8.37,15100.0,8.36,38800.0,8.35,101600.0,8.4,174300.0,8.41,32700.0,8.42,115300.0,8.43,84000.0,8.44,21800.0,2547000
8.39,32000.0,8.38,15600.0,8.37,12800.0,8.36,38800.0,8.35,101600.0,8.4,174300.0,8.41,32700.0,8.42,115300.0,8.43,84000.0,8.44,21800.0,2550000
8.39,27000.0,8.38,15600.0,8.37,12800.0,8.36,39200.0,8.35,101600.0,8.4,174100.0,8.41,33300.0,8.42,115300.0,8.43,84000.0,8.44,21800.0,2553000
8.39,30800.0,8.38,15600.0,8.37,12800.0,8.36,39200.0,8.35,101300.0,8.4,168900.0,8.41,33300.0,8.42,115300.0,8.43,84000.0,8.44,21800.0,2556000
8.39,15700.0,8.38,15600.0,8.37,12500.0,8.36,39200.0,8.35,101300.0,8.4,148400.0,8.41,33300.0,8.42,115300.0,8.43,84000.0,8.44,21800.0,2559000
8.39,15900.0,8.38,15600.0,8.37,12500.0,8.36,39200.0,8.35,101300.0,8.4,148400.0,8.41,33300.0,8.42,115300.0,8.43,84000.0,8.44,21800.0,2562000
8.39,15700.0,8.38,15600.0,8.37,12500.0,8.36,39200.0,8.35,101300.0,8.4,147300.0,8.41,33300.0,8.42,115300.0,8.43,84000.0,8.44,21800.0,2565000
8.39,11800.0,8.38,15900.0,8.37,12500.0,8.36,39200.0,8.35,101300.0,8.4,147300.0,8.41,33300.0,8.42,115300.0,8.43,84000.0,8.44,21800.0,2568000
8.39,11800.0,8.38,15900.0,8.37,12500.0,8.36,39200.0,8.35,101300.0,8.4,147300.0,8.41,33300.0,8.42,115300.0,8.43,84000.0,8.44,21800.0,2571000
8.39,10100.0,8.38,25900.0,8.37,12500.0,8.36,39200.0,8.35,101300.0,8.4,147300.0,8.41,33300.0,8.42,115300.0,8.43,84000.0,8.44,21800.0,2574000
8.38,27400.0,8.37,12500.0,8.36,39200.0,8.35,101300.0,8.34,42700.0,8.39,10900.0,8.4,147300.0,8.41,33300.0,8.42,115300.0,8.43,94000.0,2577000
8.38,27400.0,8.37,12500.0,8.36,39200.0,8.35,101300.0,8.34,42700.0,8.39,10900.0,8.4,147300.0,8.41,35400.0,8.42,115300.0,8.43,94000.0,2580000
8.38,27400.0,8.37,12500.0,8.36,39200.0,8.35,101300.0,8.34,42700.0,8.39,5900.0,8.4,147300.0,8.41,41600.0,8.42,115300.0,8.43,94000.0,2583000
8.38,24900.0,8.37,23400.0,8.36,39200.0,8.35,101300.0,8.34,42700.0,8.39,15400.0,8.4,143200.0,8.41,41600.0,8.42,115300.0,8.43,94000.0,2586000
8.38,25300.0,8.37,23400.0,8.36,39200.0,8.35,101300.0,8.34,42700.0,8.39,15800.0,8.4,143200.0,8.41,41600.0,8.42,115300.0,8.43,94000.0,2589000
8.38,25300.0,8.37,23400.0,8.36,39200.0,8.35,101300.0,8.34,42700.0,8.39,18700.0,8.4,144300.0,8.41,42600.0,8.42,115300.0,8.43,94000.0,2592000
8.38,23100.0,8.37,23400.0,8.36,39200.0,8.35,101300.0,8.34,42700.0,8.39,19200.0,8.4,146100.0,8.41,42600.0,8.42,115300.0,8.43,94000.0,2595000
8.38,22900.0,8.37,23400.0,8.36,39200.0,8.35,101300.0,8.34,42700.0,8.39,19200.0,8.4,146100.0,8.41,43100.0,8.42,115300.0,8.43,94000.0,2598000
8.38,22900.0,8.37,24400.0,8.36,39200.0,8.35,101300.0,8.34,42700.0,8.39,15400.0,8.4,146100.0,8.41,43100.0,8.42,115300.0,8.43,94000.0,2601000
8.38,24900.0,8.37,24400.0,8.36,39200.0,8.35,101300.0,8.34,42700.0,8.39,8900.0,8.4,146100.0,8.41,43100.0,8.42,115300.0,8.43,94000.0,2604000
8.38,26700.0,8.37,24400.0,8.36,39200.0,8.35,101300.0,8.34,42700.0,8.39,8900.0,8.4,146100.0,8.41,43100.0,8.42,115300.0,8.43,94000.0,2607000
8.38,26700.0,8.37,24400.0,8.36,39200.0,8.35,101300.0,8.34,42700.0,8.39,9100.0,8.4,146100.0,8.41,43100.0,8.42,115300.0,8.43,94000.0,2610000
8.39,2700.0,8.38,27100.0,8.37,23300.0,8.36,39200.0,8.35,101300.0,8.4,146100.0,8.41,43100.0,8.42,115300.0,8.43,94000.0,8.44,22800.0,2613000
8.39,2800.0,8.38,27100.0,8.37,23300.0,8.36,39200.0,8.35,101300.0,8.4,146100.0,8.41,43100.0,8.42,115300.0,8.43,94000.0,8.44,22800.0,2616000
8.39,1200.0,8.38,27100.0,8.37,23300.0,8.36,39200.0,8.35,101300.0,8.4,146100.0,8.41,43100.0,8.42,115300.0,8.43,94000.0,8.44,22800.0,2619000
8.38,27100.0,8.37,23800.0,8.36,39200.0,8.35,101800.0,8.34,42700.0,8.39,500.0,8.4,146100.0,8.41,43100.0,8.42,115300.0,8.43,94000.0,2622000
8.39,19600.0,8.38,27100.0,8.37,23800.0,8.36,39200.0,8.35,101800.0,8.4,148100.0,8.41,43100.0,8.42,115300.0,8.43,94000.0,8.44,22800.0,2625000
8.39,5100.0,8.38,27100.0,8.37,23800.0,8.36,39200.0,8.35,101800.0,8.4,149400.0,8.41,43100.0,8.42,115300.0,8.43,94000.0,8.44,22800.0,2628000
8.38,27100.0,8.37,23800.0,8.36,39200.0,8.35,101800.0,8.34,42700.0,8.39,4900.0,8.4,150700.0,8.41,43100.0,8.42,115300.0,8.43,94000.0,2631000
8.38,27100.0,8.37,23800.0,8.36,39200.0,8.35,101800.0,8.34,42700.0,8.39,2400.0,8.4,150900.0,8.41,43100.0,8.42,115300.0,8.43,94000.0,2634000
8.38,26400.0,8.37,23800.0,8.36,39200.0,8.35,101800.0,8.34,42700.0,8.39,1900.0,8.4,150900.0,8.41,43100.0,8.42,115300.0,8.43,94000.0,2637000
8.38,28400.0,8.37,23800.0,8.36,39200.0,8.35,101800.0,8.34,42700.0,8.39,2500.0,8.4,150900.0,8.41,43100.0,8.42,115300.0,8.43,94000.0,2640000
8.38,29100.0,8.37,23800.0,8.36,39200.0,8.35,101800.0,8.34,42700.0,8.39,6600.0,8.4,151300.0,8.41,43100.0,8.42,115300.0,8.43,94000.0,2643000
8.38,29100.0,8.37,23800.0,8.36,39200.0,8.35,101800.0,8.34,42700.0,8.39,15700.0,8.4,151300.0,8.41,43100.0,8.42,115300.0,8.43,94000.0,2646000
8.37,23800.0,8.36,39200.0,8.35,101800.0,8.34,42700.0,8.33,30900.0,8.39,20200.0,8.4,151300.0,8.41,43300.0,8.42,115300.0,8.43,94000.0,2649000
8.37,23800.0,8.36,39200.0,8.35,101800.0,8.34,42700.0,8.33,30900.0,8.39,20200.0,8.4,151300.0,8.41,43300.0,8.42,115300.0,8.43,94000.0,2652000
8.37,23800.0,8.36,39200.0,8.35,101800.0,8.34,42700.0,8.33,30900.0,8.39,21100.0,8.4,153700.0,8.41,43300.0,8.42,115300.0,8.43,94000.0,2655000
8.37,23600.0,8.36,39300.0,8.35,101800.0,8.34,42700.0,8.33,30900.0,8.39,22700.0,8.4,153700.0,8.41,43300.0,8.42,115300.0,8.43,94000.0,2658000
8.37,43600.0,8.36,39300.0,8.35,101800.0,8.34,42700.0,8.33,30900.0,8.38,19400.0,8.39,27500.0,8.4,153700.0,8.41,43300.0,8.42,115300.0,2664000
8.37,43900.0,8.36,39300.0,8.35,101800.0,8.34,42700.0,8.33,30900.0,8.38,9100.0,8.39,27500.0,8.4,153700.0,8.41,43300.0,8.42,115300.0,2667000
8.37,42900.0,8.36,39300.0,8.35,101800.0,8.34,42700.0,8.33,30900.0,8.38,9300.0,8.39,27500.0,8.4,153700.0,8.41,43300.0,8.42,115300.0,2670000
8.37,42600.0,8.36,39300.0,8.35,101800.0,8.34,42700.0,8.33,30900.0,8.38,9300.0,8.39,27500.0,8.4,154000.0,8.41,43300.0,8.42,115300.0,2673000
8.37,42600.0,8.36,39300.0,8.35,101800.0,8.34,43700.0,8.33,30900.0,8.38,9400.0,8.39,27500.0,8.4,150000.0,8.41,43300.0,8.42,115300.0,2676000
8.37,43300.0,8.36,39300.0,8.35,102900.0,8.34,43700.0,8.33,30900.0,8.38,11900.0,8.39,25000.0,8.4,150000.0,8.41,43300.0,8.42,116600.0,2679000
8.37,40300.0,8.36,39300.0,8.35,102900.0,8.34,44700.0,8.33,30900.0,8.38,10400.0,8.39,25000.0,8.4,150000.0,8.41,43300.0,8.42,117100.0,2682000
8.37,43300.0,8.36,39300.0,8.35,103800.0,8.34,44700.0,8.33,30900.0,8.38,10400.0,8.39,25000.0,8.4,151000.0,8.41,43300.0,8.42,117100.0,2685000
8.37,43300.0,8.36,39300.0,8.35,103800.0,8.34,44700.0,8.33,30900.0,8.38,11200.0,8.39,24000.0,8.4,151000.0,8.41,43300.0,8.42,115600.0,2688000
8.37,43300.0,8.36,38900.0,8.35,103800.0,8.34,44700.0,8.33,30900.0,8.38,11200.0,8.39,24000.0,8.4,151000.0,8.41,43300.0,8.42,115600.0,2691000
8.37,45300.0,8.36,40100.0,8.35,108800.0,8.34,44700.0,8.33,30900.0,8.38,51100.0,8.39,24600.0,8.4,151000.0,8.41,43300.0,8.42,115600.0,2694000
8.37,46300.0,8.36,42100.0,8.35,108800.0,8.34,44700.0,8.33,30900.0,8.38,54100.0,8.39,24600.0,8.4,151000.0,8.41,43300.0,8.42,115600.0,2697000
8.37,46300.0,8.36,45100.0,8.35,108800.0,8.34,44700.0,8.33,30900.0,8.38,53900.0,8.39,24600.0,8.4,151000.0,8.41,43300.0,8.42,115600.0,2700000
8.37,41100.0,8.36,45100.0,8.35,108800.0,8.34,44700.0,8.33,30900.0,8.38,53900.0,8.39,24600.0,8.4,151000.0,8.41,43300.0,8.42,115600.0,2703000
8.37,41100.0,8.36,45400.0,8.35,108800.0,8.34,44700.0,8.33,30900.0,8.38,53700.0,8.39,24600.0,8.4,150000.0,8.41,43300.0,8.42,115600.0,2706000
8.37,43000.0,8.36,45400.0,8.35,108800.0,8.34,44700.0,8.33,30900.0,8.38,53700.0,8.39,20000.0,8.4,150000.0,8.41,43300.0,8.42,115600.0,2709000
8.37,43000.0,8.36,45400.0,8.35,108800.0,8.34,44700.0,8.33,30900.0,8.38,53700.0,8.39,20000.0,8.4,150000.0,8.41,41600.0,8.42,115600.0,2712000
8.37,42500.0,8.36,45400.0,8.35,108800.0,8.34,44700.0,8.33,30900.0,8.38,33700.0,8.39,20000.0,8.4,150000.0,8.41,41600.0,8.42,115600.0,2718000
8.37,42600.0,8.36,45400.0,8.35,109000.0,8.34,44700.0,8.33,30900.0,8.38,30400.0,8.39,20000.0,8.4,150000.0,8.41,41600.0,8.42,115600.0,2721000
8.37,42800.0,8.36,45400.0,8.35,109000.0,8.34,44700.0,8.33,30900.0,8.38,38700.0,8.39,20000.0,8.4,150000.0,8.41,43600.0,8.42,115600.0,2724000
8.37,43700.0,8.36,45400.0,8.35,108500.0,8.34,44700.0,8.33,30900.0,8.38,38700.0,8.39,20000.0,8.4,150000.0,8.41,51100.0,8.42,115600.0,2727000
8.37,42000.0,8.36,45400.0,8.35,108500.0,8.34,44700.0,8.33,30900.0,8.38,28700.0,8.39,19600.0,8.4,150000.0,8.41,50900.0,8.42,115600.0,2730000
8.37,42000.0,8.36,45400.0,8.35,110000.0,8.34,44700.0,8.33,30900.0,8.38,23500.0,8.39,19600.0,8.4,150000.0,8.41,52900.0,8.42,115600.0,2733000
8.37,42000.0,8.36,45400.0,8.35,110000.0,8.34,44700.0,8.33,30900.0,8.38,23500.0,8.39,19600.0,8.4,150000.0,8.41,52900.0,8.42,115600.0,2739000
8.37,42000.0,8.36,45400.0,8.35,110000.0,8.34,44700.0,8.33,30900.0,8.38,23300.0,8.39,19600.0,8.4,150000.0,8.41,54900.0,8.42,115600.0,2742000
8.37,42000.0,8.36,45400.0,8.35,110000.0,8.34,44700.0,8.33,30900.0,8.38,23100.0,8.39,19600.0,8.4,150000.0,8.41,54900.0,8.42,115600.0,2745000
8.37,42000.0,8.36,46400.0,8.35,110000.0,8.34,44700.0,8.33,30900.0,8.38,24400.0,8.39,19600.0,8.4,150000.0,8.41,54900.0,8.42,115600.0,2748000
8.37,42500.0,8.36,46400.0,8.35,110000.0,8.34,44700.0,8.33,30900.0,8.38,24400.0,8.39,19600.0,8.4,150000.0,8.41,54900.0,8.42,115600.0,2751000
8.37,42500.0,8.36,46400.0,8.35,110000.0,8.34,44700.0,8.33,30900.0,8.38,24400.0,8.39,22600.0,8.4,150000.0,8.41,54900.0,8.42,115600.0,2757000
8.37,42500.0,8.36,46400.0,8.35,110000.0,8.34,44700.0,8.33,30900.0,8.38,26900.0,8.39,22600.0,8.4,150000.0,8.41,54900.0,8.42,115600.0,2760000
8.37,41500.0,8.36,46400.0,8.35,110000.0,8.34,44700.0,8.33,30900.0,8.38,26900.0,8.39,22600.0,8.4,150000.0,8.41,54900.0,8.42,115600.0,2763000
8.37,42900.0,8.36,46400.0,8.35,110000.0,8.34,44700.0,8.33,30900.0,8.38,22900.0,8.39,22600.0,8.4,150000.0,8.41,54900.0,8.42,115600.0,2766000
8.37,41900.0,8.36,46400.0,8.35,110000.0,8.34,44700.0,8.33,31100.0,8.38,22300.0,8.39,22600.0,8.4,150000.0,8.41,54900.0,8.42,115600.0,2769000
8.37,41900.0,8.36,46400.0,8.35,110000.0,8.34,44700.0,8.33,31100.0,8.38,22700.0,8.39,22600.0,8.4,150000.0,8.41,54900.0,8.42,115600.0,2772000
8.37,37800.0,8.36,46400.0,8.35,111200.0,8.34,44700.0,8.33,31100.0,8.38,22700.0,8.39,22600.0,8.4,150000.0,8.41,54900.0,8.42,115600.0,2775000
8.37,32000.0,8.36,46400.0,8.35,111200.0,8.34,44700.0,8.33,31100.0,8.38,22700.0,8.39,22600.0,8.4,150000.0,8.41,54900.0,8.42,115600.0,2778000
8.37,33000.0,8.36,46400.0,8.35,111200.0,8.34,44700.0,8.33,31100.0,8.38,22700.0,8.39,22600.0,8.4,150000.0,8.41,54900.0,8.42,115600.0,2781000
8.37,33000.0,8.36,46400.0,8.35,111200.0,8.34,44700.0,8.33,31100.0,8.38,22700.0,8.39,21300.0,8.4,150000.0,8.41,54900.0,8.42,116100.0,2784000
8.37,28200.0,8.36,46400.0,8.35,111200.0,8.34,44700.0,8.33,31100.0,8.38,22500.0,8.39,21300.0,8.4,150000.0,8.41,54900.0,8.42,116100.0,2787000
8.37,28200.0,8.36,46400.0,8.35,111200.0,8.34,44700.0,8.33,31300.0,8.38,22000.0,8.39,21300.0,8.4,150000.0,8.41,54900.0,8.42,116100.0,2793000
8.37,28200.0,8.36,47200.0,8.35,111200.0,8.34,44700.0,8.33,31300.0,8.38,22000.0,8.39,21300.0,8.4,150000.0,8.41,54900.0,8.42,116100.0,2796000
8.37,29900.0,8.36,47200.0,8.35,111200.0,8.34,44700.0,8.33,31300.0,8.38,22500.0,8.39,21300.0,8.4,150000.0,8.41,54900.0,8.42,116100.0,2799000
8.37,29900.0,8.36,47200.0,8.35,111200.0,8.34,44700.0,8.33,31300.0,8.38,17500.0,8.39,21300.0,8.4,150000.0,8.41,54900.0,8.42,116100.0,2802000
8.37,34600.0,8.36,47200.0,8.35,111200.0,8.34,44700.0,8.33,31300.0,8.38,16700.0,8.39,21300.0,8.4,150000.0,8.41,54900.0,8.42,116100.0,2805000
8.37,34600.0,8.36,47200.0,8.35,111200.0,8.34,44700.0,8.33,31300.0,8.38,14700.0,8.39,32300.0,8.4,150000.0,8.41,54900.0,8.42,116100.0,2808000
8.37,34600.0,8.36,47200.0,8.35,111200.0,8.34,44700.0,8.33,31300.0,8.38,4700.0,8.39,32300.0,8.4,150000.0,8.41,54900.0,8.42,116100.0,2811000
8.37,30700.0,8.36,47200.0,8.35,111200.0,8.34,44700.0,8.33,31300.0,8.38,2700.0,8.39,32300.0,8.4,150000.0,8.41,54900.0,8.42,116100.0,2814000
8.37,30500.0,8.36,47200.0,8.35,111200.0,8.34,44700.0,8.33,31300.0,8.38,5900.0,8.39,32300.0,8.4,150000.0,8.41,55500.0,8.42,116100.0,2817000
8.37,30500.0,8.36,47200.0,8.35,111200.0,8.34,44700.0,8.33,31300.0,8.38,1100.0,8.39,32300.0,8.4,150000.0,8.41,55500.0,8.42,116100.0,2820000
8.37,30500.0,8.36,47200.0,8.35,108800.0,8.34,44700.0,8.33,31300.0,8.38,4100.0,8.39,32300.0,8.4,150000.0,8.41,55500.0,8.42,116100.0,2823000
8.37,24100.0,8.36,47200.0,8.35,108800.0,8.34,44700.0,8.33,31300.0,8.38,4800.0,8.39,32300.0,8.4,150000.0,8.41,55500.0,8.42,116100.0,2826000
8.37,24100.0,8.36,47200.0,8.35,108800.0,8.34,44700.0,8.33,41300.0,8.38,6400.0,8.39,32300.0,8.4,150000.0,8.41,54800.0,8.42,117100.0,2829000
8.37,21800.0,8.36,47500.0,8.35,108800.0,8.34,44700.0,8.33,41300.0,8.38,11400.0,8.39,32300.0,8.4,150000.0,8.41,54800.0,8.42,117100.0,2832000
8.37,21800.0,8.36,47500.0,8.35,108800.0,8.34,44700.0,8.33,41300.0,8.38,11400.0,8.39,32300.0,8.4,150000.0,8.41,54800.0,8.42,117100.0,2835000
8.36,43500.0,8.35,108800.0,8.34,44700.0,8.33,41300.0,8.32,47200.0,8.37,21900.0,8.38,10800.0,8.39,32300.0,8.4,150000.0,8.41,54800.0,2838000
8.36,43500.0,8.35,108800.0,8.34,44700.0,8.33,41300.0,8.32,47200.0,8.37,15300.0,8.38,10800.0,8.39,32300.0,8.4,150000.0,8.41,54800.0,2841000
8.36,43500.0,8.35,108800.0,8.34,44700.0,8.33,41300.0,8.32,47200.0,8.37,15300.0,8.38,10800.0,8.39,32300.0,8.4,150000.0,8.41,54800.0,2844000
8.36,43500.0,8.35,108800.0,8.34,44700.0,8.33,41300.0,8.32,47200.0,8.37,12300.0,8.38,10800.0,8.39,32300.0,8.4,150000.0,8.41,54800.0,2847000
8.36,43500.0,8.35,108800.0,8.34,44700.0,8.33,41300.0,8.32,47200.0,8.37,3900.0,8.38,10800.0,8.39,32300.0,8.4,150000.0,8.41,54800.0,2850000
8.36,43500.0,8.35,108800.0,8.34,44700.0,8.33,41300.0,8.32,47200.0,8.37,3900.0,8.38,10800.0,8.39,32300.0,8.4,150000.0,8.41,57800.0,2853000
8.36,45500.0,8.35,108800.0,8.34,44700.0,8.33,41300.0,8.32,47200.0,8.37,3400.0,8.38,10800.0,8.39,32300.0,8.4,150000.0,8.41,57800.0,2856000
8.37,600.0,8.36,45200.0,8.35,108800.0,8.34,44700.0,8.33,41300.0,8.38,11400.0,8.39,32300.0,8.4,150000.0,8.41,59600.0,8.42,117100.0,2862000
8.37,600.0,8.36,45200.0,8.35,110200.0,8.34,44700.0,8.33,41300.0,8.38,11400.0,8.39,32300.0,8.4,150000.0,8.41,59600.0,8.42,117100.0,2865000
8.37,600.0,8.36,45800.0,8.35,110200.0,8.34,46900.0,8.33,41300.0,8.38,11400.0,8.39,32300.0,8.4,150000.0,8.41,59600.0,8.42,117100.0,2868000
8.36,48800.0,8.35,110200.0,8.34,46900.0,8.33,41300.0,8.32,47200.0,8.37,2000.0,8.38,10800.0,8.39,32300.0,8.4,150000.0,8.41,59600.0,2871000
8.36,48800.0,8.35,110200.0,8.34,46900.0,8.33,31300.0,8.32,47200.0,8.37,2000.0,8.38,13300.0,8.39,32300.0,8.4,150000.0,8.41,59600.0,2877000
8.36,48800.0,8.35,110200.0,8.34,46900.0,8.33,31300.0,8.32,47200.0,8.37,2000.0,8.38,13300.0,8.39,32300.0,8.4,150000.0,8.41,59600.0,2880000
8.36,48800.0,8.35,110200.0,8.34,46900.0,8.33,31300.0,8.32,47200.0,8.37,2000.0,8.38,13300.0,8.39,32300.0,8.4,150000.0,8.41,59600.0,2883000
8.36,46800.0,8.35,110200.0,8.34,46900.0,8.33,31300.0,8.32,47200.0,8.37,2000.0,8.38,13600.0,8.39,36000.0,8.4,150000.0,8.41,59600.0,2886000
8.36,46800.0,8.35,110200.0,8.34,46900.0,8.33,31300.0,8.32,47200.0,8.37,1700.0,8.38,13600.0,8.39,36000.0,8.4,150000.0,8.41,59600.0,2889000
8.36,46800.0,8.35,111200.0,8.34,46900.0,8.33,31300.0,8.32,47200.0,8.37,2700.0,8.38,13600.0,8.39,36000.0,8.4,150000.0,8.41,59600.0,2892000
8.36,46800.0,8.35,111200.0,8.34,46900.0,8.33,31300.0,8.32,47200.0,8.37,4700.0,8.38,13600.0,8.39,36000.0,8.4,150000.0,8.41,59600.0,2895000
8.36,46800.0,8.35,111200.0,8.34,46900.0,8.33,31300.0,8.32,47200.0,8.37,4700.0,8.38,13600.0,8.39,36000.0,8.4,150000.0,8.41,62900.0,2901000
8.36,46800.0,8.35,111200.0,8.34,46900.0,8.33,31300.0,8.32,47200.0,8.37,4500.0,8.38,13600.0,8.39,36000.0,8.4,150000.0,8.41,62900.0,2904000
8.36,46800.0,8.35,111200.0,8.34,49900.0,8.33,31300.0,8.32,47200.0,8.37,4500.0,8.38,13600.0,8.39,36000.0,8.4,150000.0,8.41,62900.0,2907000
8.36,48200.0,8.35,111200.0,8.34,49900.0,8.33,31100.0,8.32,47200.0,8.37,4500.0,8.38,13600.0,8.39,36000.0,8.4,150000.0,8.41,62900.0,2910000
8.36,48200.0,8.35,111200.0,8.34,49900.0,8.33,31100.0,8.32,47200.0,8.37,4400.0,8.38,13600.0,8.39,36000.0,8.4,150000.0,8.41,62900.0,2913000
8.36,48200.0,8.35,111200.0,8.34,49900.0,8.33,31100.0,8.32,47200.0,8.37,4400.0,8.38,13600.0,8.39,36000.0,8.4,151000.0,8.41,62900.0,2916000
8.37,1900.0,8.36,48200.0,8.35,111200.0,8.34,49900.0,8.33,31100.0,8.38,13600.0,8.39,36000.0,8.4,151000.0,8.41,62900.0,8.42,118100.0,2919000
8.37,900.0,8.36,50000.0,8.35,111200.0,8.34,49900.0,8.33,31100.0,8.38,14100.0,8.39,36000.0,8.4,151000.0,8.41,62900.0,8.42,118100.0,2928000
8.37,300.0,8.36,50000.0,8.35,111200.0,8.34,49900.0,8.33,34100.0,8.38,14100.0,8.39,36000.0,8.4,151000.0,8.41,62900.0,8.42,118100.0,2931000
8.37,500.0,8.36,50000.0,8.35,111200.0,8.34,49900.0,8.33,34100.0,8.38,14100.0,8.39,36000.0,8.4,151000.0,8.41,62900.0,8.42,118100.0,2934000
8.37,500.0,8.36,50400.0,8.35,111200.0,8.34,49900.0,8.33,34100.0,8.38,14100.0,8.39,36000.0,8.4,151000.0,8.41,62900.0,8.42,118100.0,2937000
8.37,600.0,8.36,50400.0,8.35,111200.0,8.34,49900.0,8.33,34100.0,8.38,14900.0,8.39,36000.0,8.4,151000.0,8.41,62900.0,8.42,118100.0,2940000
8.36,50400.0,8.35,111200.0,8.34,49900.0,8.33,34100.0,8.32,47200.0,8.37,800.0,8.38,14400.0,8.39,33700.0,8.4,151000.0,8.41,62900.0,2943000
8.36,50400.0,8.35,111200.0,8.34,49900.0,8.33,34100.0,8.32,47200.0,8.37,800.0,8.38,9400.0,8.39,32600.0,8.4,151000.0,8.41,62900.0,2946000
8.36,50400.0,8.35,111200.0,8.34,49900.0,8.33,34100.0,8.32,47200.0,8.37,1800.0,8.38,9400.0,8.39,32600.0,8.4,151000.0,8.41,62900.0,2949000
8.36,52400.0,8.35,114200.0,8.34,49900.0,8.33,34100.0,8.32,47200.0,8.37,1800.0,8.38,9400.0,8.39,32600.0,8.4,151000.0,8.41,62900.0,2952000
8.36,53400.0,8.35,114200.0,8.34,49900.0,8.33,34100.0,8.32,47200.0,8.37,1600.0,8.38,9400.0,8.39,32600.0,8.4,151000.0,8.41,62900.0,2955000
8.36,53400.0,8.35,114200.0,8.34,49900.0,8.33,34100.0,8.32,47200.0,8.37,2100.0,8.38,9400.0,8.39,32600.0,8.4,151000.0,8.41,62900.0,2958000
8.36,53400.0,8.35,114200.0,8.34,49900.0,8.33,34100.0,8.32,47200.0,8.37,1600.0,8.38,9400.0,8.39,32600.0,8.4,151000.0,8.41,62900.0,2961000
8.36,53400.0,8.35,114200.0,8.34,49900.0,8.33,34100.0,8.32,47200.0,8.37,1900.0,8.38,9400.0,8.39,32600.0,8.4,151000.0,8.41,62900.0,2964000
8.36,53400.0,8.35,114200.0,8.34,49900.0,8.33,34100.0,8.32,47700.0,8.37,800.0,8.38,9400.0,8.39,32600.0,8.4,151000.0,8.41,62900.0,2967000
8.37,24400.0,8.36,54600.0,8.35,114200.0,8.34,49900.0,8.33,34100.0,8.38,9400.0,8.39,32600.0,8.4,151000.0,8.41,62900.0,8.42,118100.0,2970000
8.37,24800.0,8.36,57600.0,8.35,114200.0,8.34,49900.0,8.33,34100.0,8.38,9900.0,8.39,32600.0,8.4,151000.0,8.41,62900.0,8.42,118100.0,2973000
8.37,28500.0,8.36,56600.0,8.35,114200.0,8.34,49900.0,8.33,34100.0,8.38,9900.0,8.39,32600.0,8.4,151000.0,8.41,62900.0,8.42,118100.0,2976000
8.37,28500.0,8.36,56600.0,8.35,114200.0,8.34,49900.0,8.33,34100.0,8.38,9900.0,8.39,32600.0,8.4,151000.0,8.41,62900.0,8.42,118100.0,2979000
8.37,28300.0,8.36,54800.0,8.35,114200.0,8.34,50400.0,8.33,34100.0,8.38,9900.0,8.39,32600.0,8.4,151000.0,8.41,62900.0,8.42,118100.0,2982000
8.37,30800.0,8.36,54800.0,8.35,114200.0,8.34,50400.0,8.33,34100.0,8.38,9900.0,8.39,33100.0,8.4,151000.0,8.41,66700.0,8.42,118100.0,2985000
8.38,100.0,8.37,30800.0,8.36,54800.0,8.35,114200.0,8.34,50400.0,8.39,33100.0,8.4,151000.0,8.41,66700.0,8.42,118100.0,8.43,57800.0,2988000
8.38,1900.0,8.37,30800.0,8.36,57800.0,8.35,114200.0,8.34,50400.0,8.39,33600.0,8.4,151000.0,8.41,66700.0,8.42,118100.0,8.43,57800.0,2991000
8.38,1900.0,8.37,30800.0,8.36,57800.0,8.35,114500.0,8.34,50400.0,8.39,33600.0,8.4,151000.0,8.41,66700.0,8.42,118100.0,8.43,57800.0,2994000
8.38,1900.0,8.37,32800.0,8.36,57800.0,8.35,114500.0,8.34,50400.0,8.39,27300.0,8.4,151000.0,8.41,66700.0,8.42,118100.0,8.43,57800.0,2997000
8.38,1900.0,8.37,32800.0,8.36,57800.0,8.35,114500.0,8.34,50400.0,8.39,28300.0,8.4,151000.0,8.41,66700.0,8.42,118100.0,8.43,57800.0,3000000
8.38,1800.0,8.37,32800.0,8.36,53200.0,8.35,114500.0,8.34,50400.0,8.39,28300.0,8.4,151000.0,8.41,66700.0,8.42,118100.0,8.43,57800.0,3003000
8.38,12000.0,8.37,32800.0,8.36,53200.0,8.35,114500.0,8.34,50400.0,8.39,28300.0,8.4,151000.0,8.41,66700.0,8.42,118100.0,8.43,57800.0,3006000
8.38,17700.0,8.37,32800.0,8.36,53200.0,8.35,113100.0,8.34,50400.0,8.39,29900.0,8.4,151000.0,8.41,66700.0,8.42,118100.0,8.43,57800.0,3009000
8.38,17700.0,8.37,34800.0,8.36,53200.0,8.35,114100.0,8.34,50400.0,8.39,29900.0,8.4,151000.0,8.41,66700.0,8.42,116100.0,8.43,57800.0,3012000
8.38,17700.0,8.37,34800.0,8.36,53200.0,8.35,114100.0,8.34,50400.0,8.39,36500.0,8.4,151000.0,8.41,66700.0,8.42,116100.0,8.43,57800.0,3015000
8.38,36600.0,8.37,36800.0,8.36,53200.0,8.35,112900.0,8.34,50400.0,8.39,37700.0,8.4,151000.0,8.41,65500.0,8.42,116100.0,8.43,57800.0,3018000
8.38,37000.0,8.37,36800.0,8.36,53200.0,8.35,112900.0,8.34,50400.0,8.39,36400.0,8.4,151000.0,8.41,65500.0,8.42,116100.0,8.43,57800.0,3021000
8.38,35500.0,8.37,36800.0,8.36,54600.0,8.35,112900.0,8.34,50400.0,8.39,36900.0,8.4,151000.0,8.41,63700.0,8.42,116100.0,8.43,57800.0,3024000
8.38,35500.0,8.37,39800.0,8.36,54600.0,8.35,112900.0,8.34,50400.0,8.39,37200.0,8.4,151300.0,8.41,63700.0,8.42,116100.0,8.43,57800.0,3027000
8.38,31400.0,8.37,39800.0,8.36,54600.0,8.35,112900.0,8.34,50400.0,8.39,39200.0,8.4,151300.0,8.41,63700.0,8.42,116100.0,8.43,57800.0,3030000
8.38,31300.0,8.37,39800.0,8.36,54600.0,8.35,112900.0,8.34,50400.0,8.39,39200.0,8.4,149900.0,8.41,63700.0,8.42,116100.0,8.43,57800.0,3033000
8.38,31200.0,8.37,41700.0,8.36,54600.0,8.35,112900.0,8.34,50400.0,8.39,40700.0,8.4,174900.0,8.41,63700.0,8.42,116100.0,8.43,57800.0,3036000
8.38,32600.0,8.37,41700.0,8.36,54600.0,8.35,112900.0,8.34,50400.0,8.39,40700.0,8.4,174600.0,8.41,63700.0,8.42,116100.0,8.43,57800.0,3039000
8.38,32600.0,8.37,41700.0,8.36,54600.0,8.35,112900.0,8.34,50400.0,8.39,41800.0,8.4,174600.0,8.41,63700.0,8.42,116100.0,8.43,57800.0,3042000
8.38,34800.0,8.37,42200.0,8.36,54600.0,8.35,112900.0,8.34,50400.0,8.39,41800.0,8.4,174600.0,8.41,84300.0,8.42,116100.0,8.43,57800.0,3045000
8.38,33700.0,8.37,42200.0,8.36,54600.0,8.35,112900.0,8.34,50400.0,8.39,41800.0,8.4,174600.0,8.41,84300.0,8.42,116100.0,8.43,57800.0,3048000
8.38,33600.0,8.37,42200.0,8.36,54600.0,8.35,122900.0,8.34,50400.0,8.39,41800.0,8.4,174600.0,8.41,84300.0,8.42,116100.0,8.43,57800.0,3051000
8.38,35400.0,8.37,42200.0,8.36,54600.0,8.35,122900.0,8.34,50400.0,8.39,40600.0,8.4,174600.0,8.41,84300.0,8.42,116100.0,8.43,57800.0,3054000
8.38,36100.0,8.37,42400.0,8.36,54600.0,8.35,122900.0,8.34,50400.0,8.39,40600.0,8.4,174600.0,8.41,84500.0,8.42,116100.0,8.43,57800.0,3057000
8.38,36100.0,8.37,42400.0,8.36,54600.0,8.35,122900.0,8.34,50400.0,8.39,40600.0,8.4,174600.0,8.41,84500.0,8.42,116100.0,8.43,57800.0,3060000
8.38,35800.0,8.37,39900.0,8.36,54600.0,8.35,122900.0,8.34,50400.0,8.39,40600.0,8.4,174600.0,8.41,63900.0,8.42,116100.0,8.43,57800.0,3063000
8.38,39400.0,8.37,39900.0,8.36,54600.0,8.35,123300.0,8.34,50400.0,8.39,40600.0,8.4,174600.0,8.41,58100.0,8.42,116100.0,8.43,57800.0,3066000
8.38,39400.0,8.37,37800.0,8.36,55100.0,8.35,123300.0,8.34,50400.0,8.39,40100.0,8.4,174600.0,8.41,58100.0,8.42,116100.0,8.43,57800.0,3069000
8.38,39400.0,8.37,37800.0,8.36,55100.0,8.35,123300.0,8.34,50400.0,8.39,50000.0,8.4,174600.0,8.41,58100.0,8.42,116100.0,8.43,57800.0,3072000
8.38,40400.0,8.37,37800.0,8.36,55100.0,8.35,123300.0,8.34,50400.0,8.39,50600.0,8.4,174600.0,8.41,58100.0,8.42,116100.0,8.43,57800.0,3075000
8.38,40100.0,8.37,37800.0,8.36,57600.0,8.35,123300.0,8.34,50400.0,8.39,53600.0,8.4,174600.0,8.41,58100.0,8.42,116100.0,8.43,57800.0,3078000
8.38,40100.0,8.37,37800.0,8.36,57600.0,8.35,123300.0,8.34,50400.0,8.39,48300.0,8.4,174600.0,8.41,58100.0,8.42,116100.0,8.43,57800.0,3081000
8.38,34300.0,8.37,37800.0,8.36,57600.0,8.35,123300.0,8.34,50400.0,8.39,49500.0,8.4,174600.0,8.41,59200.0,8.42,116100.0,8.43,57800.0,3084000
8.38,34300.0,8.37,37800.0,8.36,57600.0,8.35,123300.0,8.34,50400.0,8.39,49500.0,8.4,174600.0,8.41,60200.0,8.42,116100.0,8.43,57800.0,3087000
8.38,36400.0,8.37,37800.0,8.36,57600.0,8.35,123300.0,8.34,50400.0,8.39,49500.0,8.4,174600.0,8.41,60200.0,8.42,116100.0,8.43,57800.0,3093000
8.37,34100.0,8.36,57600.0,8.35,123300.0,8.34,50400.0,8.33,34100.0,8.38,1100.0,8.39,49600.0,8.4,174600.0,8.41,60200.0,8.42,116100.0,3096000
8.37,20600.0,8.36,58100.0,8.35,123300.0,8.34,50400.0,8.33,34100.0,8.38,16700.0,8.39,53800.0,8.4,179600.0,8.41,60200.0,8.42,116100.0,3099000
8.37,20600.0,8.36,58100.0,8.35,123300.0,8.34,50400.0,8.33,34100.0,8.38,11400.0,8.39,53800.0,8.4,179600.0,8.41,60200.0,8.42,116100.0,3102000
8.37,20600.0,8.36,58100.0,8.35,128500.0,8.34,50400.0,8.33,34100.0,8.38,11400.0,8.39,53800.0,8.4,179600.0,8.41,60200.0,8.42,116100.0,3108000
8.37,20600.0,8.36,58100.0,8.35,128500.0,8.34,50400.0,8.33,34100.0,8.38,10400.0,8.39,53800.0,8.4,179600.0,8.41,60200.0,8.42,116100.0,3111000
8.37,17600.0,8.36,58100.0,8.35,128500.0,8.34,50400.0,8.33,34100.0,8.38,10300.0,8.39,53800.0,8.4,179600.0,8.41,60200.0,8.42,116100.0,3114000
8.37,17600.0,8.36,58100.0,8.35,128500.0,8.34,50400.0,8.33,34100.0,8.38,900.0,8.39,53800.0,8.4,179600.0,8.41,60200.0,8.42,118100.0,3120000
