BidPrice1,BidVolume1,BidPrice2,BidVolume2,BidPrice3,BidVolume3,BidPrice4,BidVolume4,BidPrice5,BidVolume5,AskPrice1,AskVolume1,AskPrice2,AskVolume2,AskPrice3,AskVolume3,AskPrice4,AskVolume4,AskPrice5,AskVolume5,timeMs
21.24,500.0,21.23,200.0,21.22,2900.0,21.16,100.0,21.11,1500.0,21.46,2100.0,21.47,1700.0,21.48,19000.0,21.49,1600.0,21.5,2900.0,903000
21.24,500.0,21.23,200.0,21.22,2900.0,21.16,100.0,21.11,1500.0,21.43,200.0,21.45,500.0,21.46,2400.0,21.47,7600.0,21.48,19000.0,906000
21.23,300.0,21.22,2900.0,21.16,100.0,21.11,1500.0,21.1,700.0,21.24,1700.0,21.43,200.0,21.45,4200.0,21.46,2400.0,21.47,7600.0,909000
21.23,300.0,21.22,2900.0,21.16,100.0,21.11,1500.0,21.1,700.0,21.24,3500.0,21.42,8100.0,21.43,600.0,21.45,1400.0,21.46,2400.0,912000
21.22,2300.0,21.16,100.0,21.11,1500.0,21.1,700.0,21.02,1000.0,21.4,3600.0,21.41,2800.0,21.42,1000.0,21.43,7100.0,21.45,600.0,915000
21.24,500.0,21.23,3600.0,21.16,100.0,21.11,1500.0,21.1,700.0,21.4,1400.0,21.42,1000.0,21.43,7100.0,21.45,600.0,21.46,2400.0,918000
21.24,1900.0,21.23,100.0,21.16,100.0,21.11,1500.0,21.1,700.0,21.38,700.0,21.39,2200.0,21.4,1400.0,21.42,200.0,21.43,200.0,921000
21.25,1100.0,21.24,1600.0,21.23,100.0,21.16,100.0,21.11,1500.0,21.38,700.0,21.39,3000.0,21.4,1400.0,21.42,200.0,21.43,200.0,924000
21.25,1100.0,21.24,1600.0,21.23,100.0,21.16,100.0,21.11,1500.0,21.38,800.0,21.39,3000.0,21.4,1400.0,21.42,200.0,21.43,200.0,927000
21.25,1100.0,21.24,1800.0,21.23,100.0,21.16,100.0,21.11,1500.0,21.38,800.0,21.39,3000.0,21.4,1400.0,21.42,200.0,21.43,200.0,930000
21.25,1100.0,21.24,200.0,21.23,100.0,21.16,100.0,21.11,1500.0,21.38,800.0,21.39,3000.0,21.4,1400.0,21.42,200.0,21.43,200.0,933000
21.25,1100.0,21.24,200.0,21.23,100.0,21.16,100.0,21.11,1500.0,21.36,1200.0,21.38,800.0,21.39,3000.0,21.4,1400.0,21.42,200.0,936000
21.21,800.0,21.2,100.0,21.19,300.0,21.17,500.0,21.16,100.0,21.33,1900.0,21.34,1200.0,21.35,1100.0,21.36,1200.0,21.38,800.0,939000
21.21,800.0,21.2,100.0,21.17,500.0,21.16,100.0,21.11,1500.0,21.3,2700.0,21.31,2700.0,21.32,100.0,21.33,1700.0,21.34,1200.0,942000
21.21,700.0,21.17,500.0,21.16,900.0,21.11,1500.0,21.1,700.0,21.28,2600.0,21.3,2700.0,21.31,2000.0,21.32,100.0,21.33,1700.0,945000
21.21,700.0,21.17,500.0,21.16,900.0,21.11,1500.0,21.1,700.0,21.27,2600.0,21.28,2600.0,21.29,500.0,21.3,2700.0,21.31,2000.0,948000
21.16,900.0,21.11,1500.0,21.1,700.0,21.02,1000.0,21.01,700.0,21.21,100.0,21.26,1300.0,21.27,2700.0,21.3,2700.0,21.31,1500.0,951000
21.16,900.0,21.11,1500.0,21.1,700.0,21.02,1000.0,21.01,700.0,21.24,2000.0,21.26,3900.0,21.27,2700.0,21.3,2700.0,21.31,1500.0,954000
21.21,2900.0,21.16,900.0,21.11,1500.0,21.1,700.0,21.02,1000.0,21.26,3900.0,21.27,2700.0,21.3,2700.0,21.31,1500.0,21.38,300.0,960000
21.18,1600.0,21.17,200.0,21.16,900.0,21.11,1500.0,21.1,700.0,21.25,1400.0,21.26,3900.0,21.27,2700.0,21.3,2700.0,21.31,1500.0,963000
21.19,300.0,21.18,2000.0,21.17,200.0,21.16,900.0,21.11,1500.0,21.25,1400.0,21.26,3900.0,21.27,2700.0,21.3,2700.0,21.31,1500.0,966000
21.19,300.0,21.18,2000.0,21.17,200.0,21.16,900.0,21.11,1500.0,21.25,1400.0,21.26,3900.0,21.27,2700.0,21.3,2700.0,21.31,1500.0,969000
21.2,200.0,21.19,300.0,21.18,2000.0,21.17,200.0,21.16,900.0,21.25,1500.0,21.26,3900.0,21.27,2700.0,21.3,2700.0,21.31,1500.0,972000
21.22,200.0,21.21,500.0,21.19,300.0,21.18,2000.0,21.17,200.0,21.25,1500.0,21.26,2600.0,21.27,2700.0,21.3,2700.0,21.31,1500.0,975000
21.22,400.0,21.21,500.0,21.19,300.0,21.18,1500.0,21.16,900.0,21.25,1500.0,21.26,2600.0,21.27,2700.0,21.3,2700.0,21.31,1500.0,978000
21.23,1000.0,21.22,400.0,21.21,500.0,21.16,1400.0,21.11,1500.0,21.25,1500.0,21.26,2600.0,21.27,2700.0,21.3,2700.0,21.31,100.0,981000
21.23,1000.0,21.22,400.0,21.21,500.0,21.16,1400.0,21.11,1500.0,21.25,1400.0,21.26,2600.0,21.27,2700.0,21.3,2700.0,21.31,100.0,984000
21.21,500.0,21.16,1400.0,21.11,1500.0,21.1,1700.0,21.02,1000.0,21.22,5500.0,21.25,1400.0,21.26,2600.0,21.27,2700.0,21.3,2700.0,987000
21.16,1400.0,21.11,1500.0,21.1,1700.0,21.02,1000.0,21.01,200.0,21.22,5500.0,21.26,2600.0,21.27,2700.0,21.3,2700.0,21.31,100.0,990000
21.17,1100.0,21.16,1400.0,21.11,1500.0,21.1,1700.0,21.02,1000.0,21.22,5600.0,21.26,2600.0,21.27,2700.0,21.3,2700.0,21.38,300.0,993000
21.21,100.0,21.17,1100.0,21.16,1400.0,21.11,1500.0,21.1,1700.0,21.22,4000.0,21.27,2700.0,21.3,2700.0,21.38,300.0,21.42,100.0,996000
21.24,1300.0,21.23,2300.0,21.22,2100.0,21.21,100.0,21.17,1100.0,21.3,2700.0,21.38,300.0,21.42,100.0,21.43,200.0,21.45,500.0,1002000
21.24,1300.0,21.23,2300.0,21.22,2100.0,21.21,100.0,21.17,1100.0,21.3,2700.0,21.38,300.0,21.42,100.0,21.43,200.0,21.45,500.0,1005000
21.24,2100.0,21.23,900.0,21.22,2100.0,21.17,1100.0,21.16,1400.0,21.3,2700.0,21.38,300.0,21.42,100.0,21.43,200.0,21.45,500.0,1008000
21.24,2100.0,21.23,900.0,21.22,2100.0,21.17,1100.0,21.16,1400.0,21.3,2700.0,21.38,300.0,21.42,100.0,21.43,200.0,21.45,500.0,1011000
21.24,2100.0,21.23,900.0,21.22,2100.0,21.21,300.0,21.17,1100.0,21.3,2700.0,21.38,300.0,21.42,100.0,21.43,200.0,21.45,500.0,1014000
21.24,2600.0,21.23,900.0,21.22,2100.0,21.21,300.0,21.17,1100.0,21.27,800.0,21.28,900.0,21.29,1200.0,21.3,2700.0,21.38,300.0,1029000
21.23,300.0,21.22,2100.0,21.21,300.0,21.17,1100.0,21.16,1400.0,21.26,1000.0,21.28,300.0,21.29,1200.0,21.4,500.0,21.43,200.0,1032000
21.22,1900.0,21.21,300.0,21.17,1100.0,21.16,1400.0,21.11,1500.0,21.23,200.0,21.26,1000.0,21.28,300.0,21.29,1200.0,21.4,500.0,1038000
21.16,1400.0,21.11,1500.0,21.1,1700.0,21.02,1000.0,21.01,200.0,21.21,600.0,21.22,3300.0,21.25,800.0,21.26,1000.0,21.28,300.0,1044000
21.16,1600.0,21.11,1500.0,21.1,1700.0,21.02,1000.0,21.01,200.0,21.22,1000.0,21.25,800.0,21.26,1000.0,21.28,300.0,21.29,1200.0,1047000
21.18,100.0,21.16,1600.0,21.11,1500.0,21.1,1700.0,21.02,2000.0,21.22,1000.0,21.25,800.0,21.26,1000.0,21.28,300.0,21.29,1200.0,1050000
21.18,100.0,21.16,1600.0,21.11,1500.0,21.1,1700.0,21.02,1000.0,21.22,1000.0,21.25,800.0,21.26,1000.0,21.28,300.0,21.29,1200.0,1053000
21.17,1100.0,21.16,1600.0,21.11,1500.0,21.1,1700.0,21.02,1000.0,21.22,1000.0,21.25,800.0,21.26,1000.0,21.28,300.0,21.29,1200.0,1056000
21.17,1300.0,21.16,1600.0,21.11,1500.0,21.1,1700.0,21.02,1000.0,21.22,1000.0,21.25,800.0,21.26,1000.0,21.28,300.0,21.29,1200.0,1059000
21.17,1600.0,21.16,1600.0,21.11,1500.0,21.1,1700.0,21.02,1000.0,21.22,1000.0,21.25,800.0,21.26,200.0,21.28,300.0,21.29,1200.0,1065000
21.17,1600.0,21.16,1600.0,21.11,1500.0,21.1,1900.0,21.02,1200.0,21.22,1000.0,21.25,800.0,21.26,200.0,21.28,300.0,21.29,1200.0,1077000
21.18,1200.0,21.17,1600.0,21.16,1600.0,21.11,1500.0,21.1,1900.0,21.22,1000.0,21.25,800.0,21.26,200.0,21.28,300.0,21.29,1200.0,1080000
21.19,100.0,21.18,1300.0,21.17,1600.0,21.16,1600.0,21.11,1500.0,21.22,1000.0,21.25,800.0,21.26,200.0,21.28,300.0,21.29,1200.0,1083000
21.19,100.0,21.18,1300.0,21.17,1600.0,21.16,2100.0,21.11,1500.0,21.25,800.0,21.26,200.0,21.28,300.0,21.29,1200.0,21.4,500.0,1086000
21.19,100.0,21.18,1300.0,21.17,1600.0,21.16,2100.0,21.11,1500.0,21.24,400.0,21.25,800.0,21.26,200.0,21.28,300.0,21.29,1200.0,1089000
21.19,100.0,21.18,1200.0,21.17,1600.0,21.16,2100.0,21.11,1500.0,21.23,1400.0,21.24,400.0,21.26,200.0,21.28,300.0,21.29,1200.0,1095000
21.19,100.0,21.18,1200.0,21.17,1600.0,21.16,2100.0,21.12,500.0,21.23,1400.0,21.24,400.0,21.26,200.0,21.28,300.0,21.29,1200.0,1098000
21.25,600.0,21.24,4300.0,21.23,100.0,21.19,300.0,21.18,16100.0,21.28,300.0,21.29,1200.0,21.4,500.0,21.43,200.0,21.45,500.0,1101000
21.26,200.0,21.25,600.0,21.24,600.0,21.23,1300.0,21.19,300.0,21.28,300.0,21.29,1200.0,21.4,500.0,21.43,200.0,21.45,500.0,1104000
21.26,5300.0,21.25,600.0,21.24,600.0,21.23,1300.0,21.19,300.0,21.29,1200.0,21.4,500.0,21.43,200.0,21.45,500.0,21.46,1600.0,1107000
21.26,5300.0,21.25,600.0,21.24,600.0,21.23,1300.0,21.19,300.0,21.29,1200.0,21.4,500.0,21.43,200.0,21.45,500.0,21.46,1600.0,1110000
21.27,600.0,21.26,5300.0,21.24,600.0,21.23,1300.0,21.19,300.0,21.39,1500.0,21.4,800.0,21.43,200.0,21.45,500.0,21.46,1600.0,1113000
21.29,200.0,21.26,4000.0,21.23,1300.0,21.19,200.0,21.18,16100.0,21.31,700.0,21.32,600.0,21.37,300.0,21.39,800.0,21.4,800.0,1116000
21.29,200.0,21.26,4000.0,21.23,1300.0,21.19,200.0,21.18,16100.0,21.31,700.0,21.32,600.0,21.37,300.0,21.39,800.0,21.4,800.0,1119000
21.29,200.0,21.26,4000.0,21.23,1300.0,21.19,200.0,21.18,16100.0,21.31,700.0,21.32,600.0,21.37,300.0,21.39,800.0,21.4,800.0,1122000
21.29,100.0,21.26,4000.0,21.23,1300.0,21.19,200.0,21.18,16100.0,21.31,700.0,21.32,600.0,21.37,300.0,21.39,800.0,21.4,800.0,1125000
21.27,400.0,21.26,4000.0,21.23,1300.0,21.22,500.0,21.19,200.0,21.31,700.0,21.32,600.0,21.37,300.0,21.39,800.0,21.4,800.0,1128000
21.27,400.0,21.26,4000.0,21.23,1300.0,21.22,500.0,21.2,1000.0,21.3,800.0,21.31,400.0,21.32,600.0,21.37,300.0,21.39,800.0,1131000
21.27,400.0,21.26,4000.0,21.23,1300.0,21.22,500.0,21.2,1000.0,21.3,600.0,21.31,400.0,21.32,600.0,21.37,300.0,21.39,800.0,1134000
21.28,300.0,21.27,400.0,21.26,4000.0,21.23,1300.0,21.22,1600.0,21.3,500.0,21.31,400.0,21.32,600.0,21.37,300.0,21.39,800.0,1137000
21.28,300.0,21.27,400.0,21.26,4000.0,21.23,1300.0,21.22,1600.0,21.3,500.0,21.31,400.0,21.32,600.0,21.37,300.0,21.39,800.0,1140000
21.28,500.0,21.27,100.0,21.26,4000.0,21.23,1300.0,21.22,1600.0,21.3,400.0,21.31,400.0,21.32,600.0,21.37,300.0,21.39,800.0,1143000
21.31,2600.0,21.3,900.0,21.28,500.0,21.27,100.0,21.26,4000.0,21.32,600.0,21.37,300.0,21.39,800.0,21.4,500.0,21.43,200.0,1146000
21.31,2600.0,21.3,900.0,21.28,500.0,21.27,100.0,21.26,4000.0,21.32,600.0,21.37,300.0,21.39,800.0,21.4,500.0,21.43,200.0,1149000
21.31,1800.0,21.28,500.0,21.27,100.0,21.26,3900.0,21.23,1300.0,21.35,500.0,21.37,600.0,21.39,800.0,21.4,500.0,21.43,200.0,1152000
21.32,100.0,21.31,1300.0,21.28,500.0,21.27,100.0,21.26,3900.0,21.35,500.0,21.37,600.0,21.39,800.0,21.4,500.0,21.43,200.0,1155000
21.32,200.0,21.31,1300.0,21.28,500.0,21.27,100.0,21.26,3900.0,21.35,200.0,21.37,600.0,21.39,800.0,21.4,500.0,21.43,200.0,1158000
21.33,3600.0,21.32,100.0,21.31,1200.0,21.28,500.0,21.27,100.0,21.37,600.0,21.39,800.0,21.4,500.0,21.43,200.0,21.45,500.0,1161000
21.35,500.0,21.33,3800.0,21.32,100.0,21.31,1200.0,21.28,500.0,21.37,600.0,21.39,800.0,21.4,500.0,21.43,200.0,21.45,500.0,1164000
21.37,100.0,21.35,100.0,21.33,3800.0,21.32,100.0,21.31,1200.0,21.4,500.0,21.43,200.0,21.45,500.0,21.46,200.0,21.47,1700.0,1167000
21.37,700.0,21.35,100.0,21.33,3800.0,21.32,100.0,21.31,1200.0,21.4,500.0,21.43,200.0,21.45,500.0,21.46,200.0,21.47,1700.0,1170000
21.37,200.0,21.35,600.0,21.33,3800.0,21.32,100.0,21.31,1400.0,21.4,500.0,21.43,200.0,21.45,500.0,21.46,200.0,21.47,1700.0,1173000
21.37,100.0,21.35,600.0,21.33,3800.0,21.32,100.0,21.31,1400.0,21.4,500.0,21.43,200.0,21.45,500.0,21.46,200.0,21.47,1700.0,1176000
21.35,700.0,21.33,3800.0,21.32,100.0,21.31,1400.0,21.28,400.0,21.37,400.0,21.4,500.0,21.43,200.0,21.45,500.0,21.46,200.0,1179000
21.35,700.0,21.33,3800.0,21.32,100.0,21.31,1400.0,21.28,400.0,21.37,800.0,21.4,500.0,21.43,200.0,21.45,500.0,21.46,200.0,1182000
21.35,600.0,21.33,3800.0,21.32,100.0,21.31,1400.0,21.28,400.0,21.37,700.0,21.4,500.0,21.43,200.0,21.45,500.0,21.46,200.0,1185000
21.35,600.0,21.33,3800.0,21.32,100.0,21.31,1400.0,21.28,400.0,21.37,600.0,21.4,500.0,21.43,200.0,21.45,500.0,21.46,200.0,1188000
21.35,600.0,21.33,3800.0,21.32,100.0,21.31,1400.0,21.28,400.0,21.37,600.0,21.4,500.0,21.43,200.0,21.45,500.0,21.46,200.0,1191000
21.35,600.0,21.33,3800.0,21.32,100.0,21.31,1400.0,21.3,400.0,21.37,600.0,21.4,500.0,21.43,200.0,21.45,500.0,21.46,200.0,1194000
21.35,600.0,21.33,3800.0,21.32,100.0,21.31,1400.0,21.3,400.0,21.37,300.0,21.4,500.0,21.43,200.0,21.45,500.0,21.46,200.0,1197000
21.35,100.0,21.33,3800.0,21.32,100.0,21.31,1400.0,21.3,400.0,21.37,300.0,21.4,500.0,21.43,200.0,21.45,500.0,21.46,200.0,1203000
21.38,300.0,21.35,200.0,21.33,3800.0,21.32,100.0,21.31,1400.0,21.39,300.0,21.4,500.0,21.43,200.0,21.45,500.0,21.46,200.0,1206000
21.35,200.0,21.33,3800.0,21.32,100.0,21.31,1400.0,21.3,400.0,21.39,300.0,21.4,500.0,21.43,200.0,21.45,500.0,21.46,200.0,1209000
21.35,200.0,21.33,3800.0,21.32,100.0,21.31,1400.0,21.3,400.0,21.37,1500.0,21.39,300.0,21.4,500.0,21.43,200.0,21.45,500.0,1215000
21.35,200.0,21.33,3800.0,21.32,100.0,21.31,1400.0,21.3,400.0,21.37,1500.0,21.39,300.0,21.4,500.0,21.43,200.0,21.45,500.0,1218000
21.35,200.0,21.33,3800.0,21.32,100.0,21.31,1400.0,21.3,400.0,21.4,500.0,21.43,200.0,21.45,500.0,21.46,200.0,21.47,1700.0,1221000
21.35,400.0,21.33,3800.0,21.32,100.0,21.31,1400.0,21.3,400.0,21.36,300.0,21.4,500.0,21.43,200.0,21.45,500.0,21.46,200.0,1224000
21.35,400.0,21.33,3800.0,21.32,100.0,21.31,1400.0,21.3,400.0,21.4,500.0,21.43,200.0,21.45,500.0,21.46,200.0,21.47,1700.0,1227000
21.35,400.0,21.33,3800.0,21.32,100.0,21.31,1400.0,21.3,400.0,21.39,300.0,21.4,400.0,21.43,200.0,21.45,500.0,21.46,200.0,1230000
21.35,400.0,21.34,1500.0,21.33,3800.0,21.32,100.0,21.31,1400.0,21.39,300.0,21.4,400.0,21.43,200.0,21.45,500.0,21.46,200.0,1233000
21.35,400.0,21.34,1500.0,21.33,3800.0,21.32,100.0,21.31,1400.0,21.39,300.0,21.4,400.0,21.43,200.0,21.45,500.0,21.46,200.0,1239000
21.35,400.0,21.34,1500.0,21.33,3800.0,21.32,100.0,21.31,1400.0,21.39,800.0,21.4,400.0,21.43,200.0,21.45,500.0,21.46,200.0,1248000
21.35,400.0,21.34,1500.0,21.33,3800.0,21.32,100.0,21.31,1400.0,21.39,800.0,21.4,400.0,21.43,200.0,21.45,500.0,21.46,200.0,1251000
21.36,200.0,21.35,400.0,21.34,1500.0,21.33,3800.0,21.31,1400.0,21.42,1800.0,21.43,200.0,21.45,500.0,21.46,200.0,21.47,700.0,1254000
21.34,1600.0,21.33,3800.0,21.31,1400.0,21.3,400.0,21.28,400.0,21.42,1800.0,21.43,200.0,21.45,500.0,21.46,200.0,21.47,700.0,1257000
21.34,1600.0,21.33,3900.0,21.31,1400.0,21.3,400.0,21.28,400.0,21.42,1800.0,21.43,200.0,21.45,500.0,21.46,200.0,21.47,700.0,1260000
21.34,1600.0,21.33,3900.0,21.31,1400.0,21.3,400.0,21.28,400.0,21.41,200.0,21.42,1800.0,21.43,200.0,21.45,500.0,21.46,200.0,1272000
21.34,1600.0,21.33,3900.0,21.31,1400.0,21.3,400.0,21.28,400.0,21.4,100.0,21.41,100.0,21.42,500.0,21.43,200.0,21.45,500.0,1275000
21.34,1500.0,21.33,3900.0,21.31,1400.0,21.3,400.0,21.28,400.0,21.4,100.0,21.41,100.0,21.42,500.0,21.43,200.0,21.45,500.0,1278000
21.34,1500.0,21.33,3900.0,21.31,1400.0,21.3,400.0,21.28,400.0,21.35,3000.0,21.4,100.0,21.41,100.0,21.42,500.0,21.43,200.0,1281000
21.34,1500.0,21.33,3900.0,21.31,1400.0,21.3,400.0,21.28,400.0,21.35,1600.0,21.4,100.0,21.41,100.0,21.43,200.0,21.45,500.0,1284000
21.34,1500.0,21.33,3900.0,21.31,1400.0,21.3,400.0,21.28,400.0,21.35,1400.0,21.4,100.0,21.41,100.0,21.43,200.0,21.45,500.0,1287000
21.34,1500.0,21.33,3900.0,21.31,1400.0,21.3,400.0,21.28,400.0,21.35,1400.0,21.4,100.0,21.41,100.0,21.43,200.0,21.45,500.0,1293000
21.34,400.0,21.33,3900.0,21.31,1400.0,21.3,400.0,21.28,400.0,21.35,1400.0,21.41,100.0,21.43,200.0,21.45,500.0,21.46,200.0,1305000
21.31,1400.0,21.3,400.0,21.28,400.0,21.26,3900.0,21.23,300.0,21.33,1700.0,21.34,600.0,21.35,1400.0,21.41,100.0,21.43,200.0,1308000
21.3,400.0,21.28,400.0,21.26,3900.0,21.23,300.0,21.22,1700.0,21.33,1500.0,21.34,1800.0,21.35,1400.0,21.41,100.0,21.43,200.0,1311000
21.3,400.0,21.28,400.0,21.26,3900.0,21.23,300.0,21.22,1700.0,21.31,100.0,21.33,1300.0,21.34,1200.0,21.35,1400.0,21.41,100.0,1314000
21.3,400.0,21.28,400.0,21.26,2900.0,21.23,300.0,21.22,1700.0,21.31,100.0,21.33,1300.0,21.34,1200.0,21.41,100.0,21.43,200.0,1317000
21.3,200.0,21.28,400.0,21.26,2900.0,21.23,300.0,21.22,1700.0,21.31,100.0,21.33,1300.0,21.34,1200.0,21.41,100.0,21.43,200.0,1320000
21.28,300.0,21.26,2900.0,21.23,300.0,21.22,1700.0,21.2,1000.0,21.31,100.0,21.33,1300.0,21.34,900.0,21.41,100.0,21.43,200.0,1323000
21.31,800.0,21.28,300.0,21.26,2900.0,21.23,300.0,21.22,1700.0,21.33,1300.0,21.34,900.0,21.41,100.0,21.43,200.0,21.45,500.0,1326000
21.31,800.0,21.28,300.0,21.26,2900.0,21.23,300.0,21.22,1700.0,21.32,1200.0,21.33,2200.0,21.34,900.0,21.41,100.0,21.43,200.0,1329000
21.28,300.0,21.26,2900.0,21.23,300.0,21.22,1700.0,21.2,1000.0,21.31,300.0,21.32,1200.0,21.33,2200.0,21.34,900.0,21.41,100.0,1332000
21.28,300.0,21.26,1900.0,21.23,300.0,21.22,1700.0,21.2,1000.0,21.31,900.0,21.33,1300.0,21.34,900.0,21.41,100.0,21.43,200.0,1335000
21.32,1100.0,21.28,500.0,21.26,1900.0,21.23,300.0,21.22,1700.0,21.34,900.0,21.41,100.0,21.43,200.0,21.45,500.0,21.46,200.0,1338000
21.32,1200.0,21.28,500.0,21.26,1900.0,21.23,300.0,21.22,1700.0,21.34,900.0,21.41,100.0,21.43,200.0,21.45,500.0,21.46,200.0,1344000
21.32,1200.0,21.3,1000.0,21.28,500.0,21.26,1900.0,21.23,300.0,21.34,900.0,21.41,100.0,21.43,200.0,21.45,500.0,21.46,200.0,1353000
21.32,1200.0,21.3,1000.0,21.28,500.0,21.26,1900.0,21.23,300.0,21.34,1000.0,21.41,100.0,21.43,200.0,21.45,500.0,21.46,200.0,1356000
21.32,1200.0,21.3,1000.0,21.28,500.0,21.26,1900.0,21.23,300.0,21.34,1000.0,21.41,100.0,21.43,200.0,21.45,500.0,21.46,200.0,1371000
21.32,1200.0,21.3,1000.0,21.28,500.0,21.26,1900.0,21.23,300.0,21.34,1000.0,21.41,100.0,21.43,200.0,21.45,500.0,21.46,200.0,1380000
21.33,100.0,21.32,1300.0,21.3,1000.0,21.28,500.0,21.26,1900.0,21.34,1000.0,21.41,100.0,21.43,200.0,21.45,500.0,21.46,200.0,1383000
21.33,100.0,21.32,200.0,21.3,1000.0,21.28,500.0,21.26,1900.0,21.34,1000.0,21.41,100.0,21.43,200.0,21.45,500.0,21.46,200.0,1386000
21.33,1200.0,21.32,200.0,21.3,1000.0,21.28,500.0,21.26,1900.0,21.34,1000.0,21.41,100.0,21.43,200.0,21.45,500.0,21.46,200.0,1395000
21.33,900.0,21.32,200.0,21.3,1000.0,21.28,500.0,21.26,1900.0,21.34,1000.0,21.41,100.0,21.43,200.0,21.45,500.0,21.46,200.0,1404000
21.33,300.0,21.32,200.0,21.3,1000.0,21.28,500.0,21.26,1900.0,21.41,800.0,21.43,200.0,21.45,500.0,21.46,200.0,21.47,700.0,1407000
21.34,100.0,21.33,300.0,21.32,200.0,21.3,1000.0,21.28,500.0,21.41,800.0,21.43,200.0,21.45,500.0,21.46,200.0,21.47,700.0,1410000
21.33,300.0,21.32,200.0,21.3,1000.0,21.28,500.0,21.26,400.0,21.41,800.0,21.43,200.0,21.45,500.0,21.46,200.0,21.47,700.0,1413000
21.34,600.0,21.33,300.0,21.32,200.0,21.3,1000.0,21.28,500.0,21.41,800.0,21.43,200.0,21.45,500.0,21.46,200.0,21.47,700.0,1416000
21.33,300.0,21.32,200.0,21.3,1000.0,21.28,500.0,21.26,400.0,21.41,800.0,21.43,200.0,21.45,500.0,21.46,200.0,21.47,700.0,1428000
21.33,300.0,21.32,200.0,21.3,1000.0,21.28,500.0,21.26,400.0,21.39,1400.0,21.4,300.0,21.41,800.0,21.43,200.0,21.45,500.0,1431000
21.33,400.0,21.32,200.0,21.3,1000.0,21.28,500.0,21.26,400.0,21.39,1400.0,21.4,300.0,21.41,800.0,21.43,200.0,21.45,500.0,1434000
21.35,600.0,21.33,400.0,21.32,200.0,21.3,1000.0,21.28,500.0,21.38,500.0,21.4,300.0,21.41,800.0,21.43,200.0,21.45,500.0,1437000
21.35,600.0,21.33,400.0,21.32,200.0,21.3,1000.0,21.28,500.0,21.38,500.0,21.4,300.0,21.41,800.0,21.43,200.0,21.45,500.0,1440000
21.35,600.0,21.33,1800.0,21.32,200.0,21.3,1000.0,21.28,500.0,21.38,500.0,21.4,300.0,21.41,800.0,21.43,200.0,21.45,500.0,1443000
21.35,600.0,21.33,1800.0,21.32,200.0,21.3,1000.0,21.28,500.0,21.38,500.0,21.4,300.0,21.41,800.0,21.43,200.0,21.45,500.0,1446000
21.34,100.0,21.33,1800.0,21.32,200.0,21.3,1000.0,21.28,500.0,21.38,500.0,21.4,300.0,21.41,800.0,21.43,200.0,21.45,500.0,1455000
21.34,400.0,21.33,1800.0,21.32,200.0,21.3,1000.0,21.28,500.0,21.38,500.0,21.4,300.0,21.41,800.0,21.43,200.0,21.45,500.0,1464000
21.35,600.0,21.34,400.0,21.33,1800.0,21.32,200.0,21.3,1000.0,21.38,1200.0,21.41,800.0,21.43,200.0,21.45,500.0,21.46,200.0,1473000
21.35,1100.0,21.34,300.0,21.33,1800.0,21.32,200.0,21.3,1000.0,21.41,800.0,21.43,200.0,21.45,500.0,21.46,200.0,21.47,700.0,1476000
21.35,1100.0,21.34,300.0,21.33,1800.0,21.32,200.0,21.3,1000.0,21.41,800.0,21.43,200.0,21.45,500.0,21.46,200.0,21.47,700.0,1479000
21.35,500.0,21.34,300.0,21.33,1800.0,21.32,200.0,21.3,1000.0,21.41,800.0,21.43,200.0,21.45,500.0,21.46,200.0,21.47,700.0,1482000
21.36,700.0,21.35,500.0,21.34,300.0,21.33,1800.0,21.32,200.0,21.41,800.0,21.43,200.0,21.45,500.0,21.46,200.0,21.47,700.0,1494000
21.36,700.0,21.35,500.0,21.34,300.0,21.33,1800.0,21.32,200.0,21.41,800.0,21.43,200.0,21.45,500.0,21.46,200.0,21.47,700.0,1500000
21.37,100.0,21.36,700.0,21.35,500.0,21.34,300.0,21.33,1800.0,21.41,800.0,21.43,200.0,21.45,500.0,21.46,200.0,21.47,700.0,1503000
21.36,700.0,21.35,400.0,21.34,300.0,21.33,1800.0,21.32,200.0,21.4,4100.0,21.41,800.0,21.43,200.0,21.45,500.0,21.46,200.0,1506000
21.36,500.0,21.35,400.0,21.34,300.0,21.33,400.0,21.32,200.0,21.38,4100.0,21.39,100.0,21.41,800.0,21.43,200.0,21.45,500.0,1509000
21.36,200.0,21.35,400.0,21.34,300.0,21.33,400.0,21.32,200.0,21.38,4100.0,21.39,100.0,21.41,800.0,21.43,200.0,21.45,500.0,1512000
21.34,300.0,21.33,300.0,21.32,200.0,21.3,1000.0,21.28,500.0,21.35,200.0,21.38,4100.0,21.39,100.0,21.41,1100.0,21.43,200.0,1515000
21.34,100.0,21.33,300.0,21.32,200.0,21.3,1000.0,21.28,500.0,21.35,4100.0,21.36,400.0,21.37,900.0,21.39,100.0,21.41,1100.0,1518000
21.32,100.0,21.3,1000.0,21.28,500.0,21.26,100.0,21.23,300.0,21.33,4300.0,21.34,600.0,21.37,900.0,21.39,100.0,21.41,1100.0,1521000
21.32,100.0,21.3,1000.0,21.28,500.0,21.26,100.0,21.23,300.0,21.33,1800.0,21.34,200.0,21.37,900.0,21.39,100.0,21.41,1100.0,1524000
21.32,600.0,21.3,1000.0,21.28,500.0,21.26,100.0,21.23,300.0,21.33,100.0,21.37,900.0,21.39,100.0,21.41,1100.0,21.43,200.0,1527000
21.34,600.0,21.33,300.0,21.32,600.0,21.3,1000.0,21.28,500.0,21.37,600.0,21.39,100.0,21.41,1100.0,21.43,200.0,21.45,500.0,1533000
21.32,700.0,21.3,1000.0,21.28,500.0,21.26,100.0,21.23,300.0,21.37,600.0,21.39,100.0,21.41,1100.0,21.43,200.0,21.45,500.0,1539000
21.32,700.0,21.3,1000.0,21.28,500.0,21.26,100.0,21.23,300.0,21.37,400.0,21.39,100.0,21.41,1100.0,21.43,200.0,21.45,500.0,1545000
21.32,700.0,21.3,1000.0,21.28,500.0,21.26,100.0,21.23,300.0,21.37,100.0,21.39,100.0,21.41,1100.0,21.43,200.0,21.45,500.0,1548000
21.32,1000.0,21.3,1000.0,21.28,500.0,21.26,100.0,21.23,300.0,21.37,600.0,21.39,100.0,21.41,1100.0,21.43,200.0,21.45,500.0,1563000
21.32,800.0,21.3,1000.0,21.28,500.0,21.26,100.0,21.23,300.0,21.37,600.0,21.39,100.0,21.41,1100.0,21.43,200.0,21.45,500.0,1569000
21.32,700.0,21.3,1000.0,21.28,500.0,21.26,100.0,21.23,300.0,21.37,600.0,21.39,100.0,21.41,1100.0,21.43,200.0,21.45,1800.0,1575000
21.32,700.0,21.3,1000.0,21.28,500.0,21.26,100.0,21.23,300.0,21.37,800.0,21.39,100.0,21.41,1100.0,21.43,200.0,21.45,1800.0,1578000
21.32,700.0,21.3,1000.0,21.28,500.0,21.26,100.0,21.23,300.0,21.37,800.0,21.39,100.0,21.41,1100.0,21.43,200.0,21.45,1800.0,1581000
21.32,700.0,21.3,1000.0,21.28,500.0,21.26,100.0,21.23,300.0,21.37,800.0,21.39,100.0,21.41,1100.0,21.43,200.0,21.45,1800.0,1590000
21.32,400.0,21.3,1000.0,21.28,500.0,21.26,100.0,21.23,300.0,21.37,800.0,21.39,18800.0,21.41,1100.0,21.43,200.0,21.45,1800.0,1596000
21.32,400.0,21.3,1000.0,21.28,500.0,21.23,300.0,21.22,1700.0,21.37,800.0,21.39,18800.0,21.41,1100.0,21.43,200.0,21.45,1800.0,1602000
21.32,400.0,21.3,1000.0,21.28,500.0,21.23,300.0,21.22,1700.0,21.36,200.0,21.37,800.0,21.39,18800.0,21.41,1100.0,21.43,200.0,1605000
21.32,600.0,21.3,1000.0,21.28,500.0,21.23,300.0,21.22,1700.0,21.36,200.0,21.37,800.0,21.39,18800.0,21.41,1100.0,21.43,200.0,1611000
21.32,600.0,21.3,1300.0,21.28,500.0,21.23,300.0,21.22,1700.0,21.36,200.0,21.37,800.0,21.39,18800.0,21.41,1100.0,21.43,200.0,1614000
21.38,300.0,21.36,100.0,21.33,2100.0,21.32,600.0,21.3,1300.0,21.39,18800.0,21.41,1100.0,21.43,200.0,21.45,1800.0,21.46,200.0,1620000
21.38,300.0,21.36,100.0,21.33,2100.0,21.32,600.0,21.3,1300.0,21.39,18700.0,21.41,1100.0,21.43,200.0,21.45,1800.0,21.46,200.0,1623000
21.36,100.0,21.33,2100.0,21.32,600.0,21.3,1300.0,21.28,500.0,21.39,18700.0,21.41,1100.0,21.43,200.0,21.45,1800.0,21.46,200.0,1626000
21.36,100.0,21.33,2100.0,21.32,600.0,21.3,1300.0,21.28,500.0,21.38,100.0,21.39,19200.0,21.41,1100.0,21.43,200.0,21.45,1800.0,1632000
21.36,600.0,21.33,2100.0,21.32,600.0,21.3,1300.0,21.28,500.0,21.38,100.0,21.39,19200.0,21.41,1100.0,21.43,200.0,21.45,1800.0,1641000
21.37,500.0,21.36,500.0,21.33,2100.0,21.32,600.0,21.3,1300.0,21.38,100.0,21.39,19200.0,21.41,1100.0,21.43,200.0,21.45,1800.0,1644000
21.38,900.0,21.37,500.0,21.36,500.0,21.33,400.0,21.32,600.0,21.39,16000.0,21.41,400.0,21.43,200.0,21.45,1800.0,21.46,200.0,1647000
21.38,1200.0,21.37,500.0,21.36,500.0,21.33,400.0,21.32,600.0,21.39,12500.0,21.41,400.0,21.43,200.0,21.45,1800.0,21.46,200.0,1650000
21.39,2100.0,21.38,1600.0,21.37,500.0,21.36,500.0,21.33,400.0,21.41,400.0,21.43,200.0,21.45,1800.0,21.46,200.0,21.47,700.0,1653000
21.43,1000.0,21.42,800.0,21.41,400.0,21.4,3100.0,21.39,1300.0,21.45,1800.0,21.46,200.0,21.47,700.0,21.48,900.0,21.49,1800.0,1656000
21.43,1100.0,21.42,800.0,21.41,700.0,21.4,3500.0,21.39,700.0,21.45,1800.0,21.46,200.0,21.47,700.0,21.48,900.0,21.49,1800.0,1659000
21.43,1100.0,21.42,800.0,21.41,700.0,21.4,400.0,21.39,700.0,21.45,1400.0,21.46,200.0,21.47,700.0,21.48,900.0,21.49,1800.0,1662000
21.43,400.0,21.42,800.0,21.41,700.0,21.4,400.0,21.39,700.0,21.45,1400.0,21.46,200.0,21.47,700.0,21.48,900.0,21.49,1800.0,1665000
21.43,400.0,21.42,800.0,21.41,700.0,21.4,400.0,21.39,700.0,21.45,1100.0,21.46,200.0,21.47,700.0,21.48,900.0,21.49,1800.0,1668000
21.43,400.0,21.42,800.0,21.41,700.0,21.4,400.0,21.39,700.0,21.45,1100.0,21.46,200.0,21.47,700.0,21.48,1100.0,21.49,1800.0,1677000
21.42,800.0,21.41,300.0,21.4,400.0,21.39,700.0,21.38,1400.0,21.45,1100.0,21.46,200.0,21.47,1700.0,21.48,1100.0,21.49,1800.0,1683000
21.41,300.0,21.4,400.0,21.39,700.0,21.38,600.0,21.37,500.0,21.45,1100.0,21.46,200.0,21.47,1700.0,21.48,1100.0,21.49,1800.0,1686000
21.41,300.0,21.4,400.0,21.39,700.0,21.38,600.0,21.37,500.0,21.45,1100.0,21.46,200.0,21.47,1700.0,21.48,1100.0,21.49,1800.0,1689000
21.41,300.0,21.39,700.0,21.38,600.0,21.37,500.0,21.36,400.0,21.45,1100.0,21.46,200.0,21.47,1700.0,21.48,1100.0,21.49,1800.0,1692000
21.41,1100.0,21.39,700.0,21.38,600.0,21.37,500.0,21.36,400.0,21.45,1100.0,21.46,200.0,21.47,1700.0,21.48,1100.0,21.49,1800.0,1695000
21.43,500.0,21.42,800.0,21.41,1100.0,21.39,700.0,21.38,600.0,21.45,1100.0,21.46,200.0,21.47,700.0,21.48,1100.0,21.49,1800.0,1701000
21.44,400.0,21.43,500.0,21.42,600.0,21.41,1100.0,21.39,700.0,21.46,200.0,21.47,700.0,21.48,1100.0,21.49,1800.0,21.5,3500.0,1704000
21.45,900.0,21.44,400.0,21.43,500.0,21.42,600.0,21.41,1100.0,21.47,700.0,21.48,1100.0,21.49,1800.0,21.5,2500.0,21.51,500.0,1707000
21.45,200.0,21.44,400.0,21.43,500.0,21.42,600.0,21.41,1100.0,21.47,700.0,21.48,1100.0,21.49,1800.0,21.5,2500.0,21.51,500.0,1710000
21.46,900.0,21.44,400.0,21.43,500.0,21.42,600.0,21.41,700.0,21.47,700.0,21.48,1100.0,21.49,1800.0,21.5,2500.0,21.51,500.0,1713000
21.46,400.0,21.44,400.0,21.43,400.0,21.42,600.0,21.41,700.0,21.47,700.0,21.48,1100.0,21.49,1800.0,21.5,2500.0,21.51,500.0,1716000
21.46,400.0,21.44,400.0,21.43,400.0,21.42,600.0,21.41,700.0,21.47,700.0,21.48,1100.0,21.49,1500.0,21.5,2500.0,21.51,500.0,1719000
21.46,500.0,21.43,400.0,21.42,600.0,21.41,700.0,21.39,600.0,21.47,700.0,21.48,1100.0,21.49,1500.0,21.5,2500.0,21.51,500.0,1722000
21.46,400.0,21.43,400.0,21.42,600.0,21.41,700.0,21.39,600.0,21.47,700.0,21.48,1000.0,21.49,1500.0,21.5,2500.0,21.51,500.0,1725000
21.46,400.0,21.43,400.0,21.42,600.0,21.41,700.0,21.39,600.0,21.47,700.0,21.48,1000.0,21.49,1500.0,21.5,2500.0,21.51,500.0,1734000
21.46,400.0,21.43,400.0,21.42,600.0,21.41,700.0,21.39,600.0,21.47,700.0,21.48,1000.0,21.49,1500.0,21.5,2500.0,21.51,500.0,1737000
21.47,600.0,21.46,400.0,21.44,400.0,21.43,400.0,21.42,600.0,21.48,1000.0,21.49,1500.0,21.5,2500.0,21.51,500.0,21.54,300.0,1743000
21.46,700.0,21.44,400.0,21.43,400.0,21.42,600.0,21.41,700.0,21.47,100.0,21.48,1000.0,21.49,1500.0,21.5,2500.0,21.51,500.0,1746000
21.46,700.0,21.44,400.0,21.43,400.0,21.42,600.0,21.41,700.0,21.47,100.0,21.48,1000.0,21.49,1500.0,21.5,2500.0,21.51,500.0,1749000
21.46,700.0,21.44,400.0,21.43,400.0,21.42,600.0,21.41,700.0,21.47,100.0,21.48,1000.0,21.49,1500.0,21.5,2500.0,21.51,500.0,1752000
21.46,600.0,21.43,400.0,21.42,600.0,21.41,700.0,21.4,1200.0,21.47,100.0,21.48,1000.0,21.49,1500.0,21.5,2500.0,21.51,500.0,1755000
21.46,600.0,21.43,400.0,21.42,600.0,21.41,700.0,21.4,1200.0,21.47,100.0,21.48,900.0,21.49,1500.0,21.5,2500.0,21.51,500.0,1758000
21.46,1100.0,21.43,400.0,21.42,600.0,21.41,700.0,21.4,1200.0,21.47,100.0,21.48,900.0,21.49,1500.0,21.5,2500.0,21.51,500.0,1761000
21.45,100.0,21.44,1800.0,21.43,400.0,21.42,600.0,21.41,700.0,21.46,400.0,21.47,100.0,21.48,900.0,21.49,1500.0,21.5,2500.0,1764000
21.45,100.0,21.44,1800.0,21.43,400.0,21.42,600.0,21.41,700.0,21.46,400.0,21.47,200.0,21.48,900.0,21.49,1500.0,21.5,2500.0,1767000
21.44,1800.0,21.43,400.0,21.42,600.0,21.41,700.0,21.4,1200.0,21.46,400.0,21.47,200.0,21.48,900.0,21.49,1500.0,21.5,2500.0,1773000
21.48,700.0,21.47,400.0,21.46,100.0,21.45,4100.0,21.43,400.0,21.49,1500.0,21.5,2500.0,21.51,500.0,21.54,300.0,21.57,200.0,1776000
21.48,1000.0,21.47,400.0,21.46,200.0,21.45,4100.0,21.43,400.0,21.49,1500.0,21.5,2500.0,21.51,500.0,21.54,300.0,21.57,200.0,1779000
21.48,1000.0,21.47,400.0,21.46,100.0,21.45,4500.0,21.43,400.0,21.49,1200.0,21.5,2500.0,21.51,500.0,21.54,300.0,21.57,200.0,1782000
21.48,700.0,21.47,400.0,21.46,100.0,21.45,4500.0,21.43,400.0,21.49,1200.0,21.5,2500.0,21.51,500.0,21.52,200.0,21.54,300.0,1785000
21.48,700.0,21.47,400.0,21.46,100.0,21.45,4500.0,21.43,400.0,21.49,1000.0,21.5,2500.0,21.51,500.0,21.52,200.0,21.54,300.0,1788000
21.48,700.0,21.47,400.0,21.46,100.0,21.45,4500.0,21.43,400.0,21.49,700.0,21.5,2100.0,21.51,500.0,21.52,300.0,21.54,300.0,1791000
21.48,900.0,21.47,400.0,21.46,100.0,21.45,4100.0,21.43,400.0,21.49,700.0,21.5,2100.0,21.51,500.0,21.52,300.0,21.54,300.0,1794000
21.48,900.0,21.47,400.0,21.46,100.0,21.45,4100.0,21.43,400.0,21.49,400.0,21.5,2100.0,21.51,500.0,21.52,300.0,21.54,300.0,1800000
21.48,900.0,21.47,400.0,21.46,100.0,21.45,4100.0,21.43,400.0,21.49,400.0,21.5,2100.0,21.51,500.0,21.52,300.0,21.54,700.0,1803000
21.48,900.0,21.47,400.0,21.46,100.0,21.45,4100.0,21.43,400.0,21.49,300.0,21.5,2100.0,21.51,500.0,21.52,300.0,21.54,700.0,1806000
21.48,900.0,21.47,400.0,21.46,100.0,21.45,4100.0,21.43,400.0,21.49,300.0,21.5,2100.0,21.51,500.0,21.52,100.0,21.54,700.0,1809000
21.48,200.0,21.47,400.0,21.46,100.0,21.45,4100.0,21.43,400.0,21.49,300.0,21.5,2100.0,21.51,500.0,21.52,100.0,21.54,700.0,1812000
21.49,100.0,21.48,200.0,21.47,400.0,21.46,100.0,21.45,4100.0,21.5,4100.0,21.51,500.0,21.52,100.0,21.54,700.0,21.57,200.0,1815000
21.45,4100.0,21.43,400.0,21.42,600.0,21.41,700.0,21.4,1200.0,21.49,700.0,21.5,4100.0,21.51,500.0,21.52,100.0,21.54,700.0,1818000
21.42,600.0,21.41,700.0,21.4,1200.0,21.39,600.0,21.38,400.0,21.45,1100.0,21.49,2100.0,21.5,4100.0,21.51,500.0,21.52,100.0,1821000
21.42,600.0,21.41,700.0,21.4,1200.0,21.39,600.0,21.38,400.0,21.46,1200.0,21.47,900.0,21.48,200.0,21.49,1700.0,21.5,4100.0,1824000
21.42,600.0,21.41,700.0,21.4,1200.0,21.39,600.0,21.38,400.0,21.45,1500.0,21.46,1200.0,21.47,900.0,21.48,200.0,21.49,1600.0,1827000
21.42,600.0,21.41,700.0,21.4,1200.0,21.39,600.0,21.38,400.0,21.45,1000.0,21.47,900.0,21.48,200.0,21.49,1600.0,21.5,4100.0,1830000
21.42,600.0,21.41,700.0,21.4,1200.0,21.39,600.0,21.38,400.0,21.44,500.0,21.45,1000.0,21.47,900.0,21.48,200.0,21.49,1600.0,1833000
21.41,700.0,21.4,1200.0,21.39,600.0,21.38,400.0,21.37,500.0,21.42,600.0,21.44,500.0,21.45,1000.0,21.47,900.0,21.48,200.0,1836000
21.41,700.0,21.4,1200.0,21.39,600.0,21.38,400.0,21.37,500.0,21.42,600.0,21.44,500.0,21.45,1000.0,21.47,900.0,21.48,200.0,1839000
21.41,700.0,21.4,1200.0,21.39,600.0,21.38,400.0,21.37,500.0,21.42,600.0,21.44,500.0,21.45,2000.0,21.47,900.0,21.48,200.0,1842000
21.41,700.0,21.4,1200.0,21.39,600.0,21.38,400.0,21.37,500.0,21.44,500.0,21.45,2000.0,21.47,900.0,21.48,200.0,21.49,1600.0,1845000
21.41,200.0,21.4,1200.0,21.39,600.0,21.38,400.0,21.37,500.0,21.44,500.0,21.45,2000.0,21.47,900.0,21.48,200.0,21.49,1600.0,1851000
21.42,1500.0,21.41,200.0,21.4,1200.0,21.39,600.0,21.38,400.0,21.45,700.0,21.48,200.0,21.49,500.0,21.5,4100.0,21.51,500.0,1854000
21.42,1500.0,21.41,200.0,21.4,1200.0,21.39,600.0,21.38,400.0,21.45,700.0,21.48,200.0,21.49,500.0,21.5,4100.0,21.51,500.0,1857000
21.42,1500.0,21.41,200.0,21.4,1200.0,21.39,600.0,21.38,400.0,21.45,700.0,21.48,200.0,21.49,500.0,21.5,4100.0,21.51,500.0,1860000
21.41,200.0,21.4,1200.0,21.39,600.0,21.38,400.0,21.37,500.0,21.45,700.0,21.48,200.0,21.49,500.0,21.5,4100.0,21.51,500.0,1869000
21.41,200.0,21.4,1200.0,21.39,600.0,21.38,400.0,21.37,500.0,21.45,2100.0,21.48,200.0,21.49,500.0,21.5,4100.0,21.51,500.0,1872000
21.4,1200.0,21.39,600.0,21.38,400.0,21.37,500.0,21.36,400.0,21.45,2100.0,21.48,2100.0,21.49,500.0,21.5,4100.0,21.51,500.0,1881000
21.4,1400.0,21.39,600.0,21.38,400.0,21.37,500.0,21.36,400.0,21.45,2100.0,21.48,2100.0,21.49,500.0,21.5,4100.0,21.51,500.0,1887000
21.4,1200.0,21.39,600.0,21.38,400.0,21.37,500.0,21.36,400.0,21.45,2100.0,21.48,2100.0,21.49,500.0,21.5,4100.0,21.51,500.0,1902000
21.4,1200.0,21.39,600.0,21.38,400.0,21.37,500.0,21.36,400.0,21.45,1400.0,21.48,2100.0,21.49,500.0,21.5,4100.0,21.51,500.0,1905000
21.4,1200.0,21.39,200.0,21.38,400.0,21.37,500.0,21.36,400.0,21.44,200.0,21.45,1600.0,21.48,2100.0,21.49,500.0,21.5,4100.0,1914000
21.41,100.0,21.4,1400.0,21.39,200.0,21.38,400.0,21.37,500.0,21.44,300.0,21.45,1600.0,21.48,2100.0,21.49,500.0,21.5,4100.0,1917000
21.41,300.0,21.4,1200.0,21.39,200.0,21.38,400.0,21.37,500.0,21.44,400.0,21.45,1600.0,21.48,2100.0,21.49,500.0,21.5,4100.0,1920000
21.41,300.0,21.4,1200.0,21.39,200.0,21.38,400.0,21.37,500.0,21.44,200.0,21.45,2300.0,21.48,2100.0,21.49,500.0,21.5,4100.0,1923000
21.41,300.0,21.4,1200.0,21.39,200.0,21.38,400.0,21.37,500.0,21.43,200.0,21.44,200.0,21.45,2400.0,21.48,2100.0,21.49,500.0,1926000
21.41,300.0,21.4,1200.0,21.39,200.0,21.38,400.0,21.37,500.0,21.43,200.0,21.44,200.0,21.45,3400.0,21.48,2100.0,21.49,500.0,1929000
21.39,200.0,21.37,500.0,21.36,400.0,21.33,400.0,21.32,300.0,21.4,500.0,21.41,600.0,21.43,200.0,21.44,200.0,21.45,3400.0,1932000
21.39,200.0,21.37,500.0,21.36,400.0,21.33,400.0,21.32,300.0,21.4,500.0,21.41,1200.0,21.43,200.0,21.44,200.0,21.45,3300.0,1935000
21.37,100.0,21.33,400.0,21.32,300.0,21.3,1600.0,21.28,500.0,21.39,200.0,21.41,300.0,21.43,200.0,21.44,200.0,21.45,3300.0,1938000
21.37,100.0,21.33,400.0,21.32,300.0,21.3,1600.0,21.28,500.0,21.39,800.0,21.43,200.0,21.44,200.0,21.45,3300.0,21.48,2100.0,1941000
21.37,200.0,21.33,400.0,21.32,300.0,21.3,1600.0,21.28,500.0,21.39,400.0,21.43,200.0,21.44,200.0,21.45,3300.0,21.48,2100.0,1944000
21.37,300.0,21.33,400.0,21.32,300.0,21.3,1600.0,21.28,500.0,21.39,100.0,21.43,200.0,21.44,100.0,21.45,3300.0,21.48,2100.0,1947000
21.37,200.0,21.33,400.0,21.32,300.0,21.3,1600.0,21.28,500.0,21.39,100.0,21.43,200.0,21.44,100.0,21.45,3300.0,21.48,2100.0,1956000
21.37,200.0,21.33,400.0,21.32,300.0,21.3,1600.0,21.28,500.0,21.39,200.0,21.43,200.0,21.45,3300.0,21.48,2100.0,21.5,4100.0,1962000
21.37,200.0,21.33,400.0,21.32,300.0,21.3,1600.0,21.28,500.0,21.39,200.0,21.43,200.0,21.45,2500.0,21.48,3100.0,21.5,4100.0,1968000
21.37,200.0,21.33,400.0,21.32,300.0,21.3,1600.0,21.28,500.0,21.39,200.0,21.43,200.0,21.45,2500.0,21.48,3100.0,21.5,4100.0,1974000
21.37,200.0,21.33,400.0,21.32,300.0,21.31,200.0,21.3,1600.0,21.39,200.0,21.43,200.0,21.45,2500.0,21.48,3100.0,21.5,4100.0,1977000
21.37,400.0,21.33,400.0,21.32,300.0,21.31,200.0,21.3,1600.0,21.39,200.0,21.43,200.0,21.45,2500.0,21.48,3100.0,21.5,4100.0,1983000
21.37,400.0,21.33,700.0,21.32,300.0,21.31,200.0,21.3,1600.0,21.39,200.0,21.43,200.0,21.45,2500.0,21.48,3100.0,21.5,4100.0,2001000
21.38,200.0,21.37,400.0,21.33,700.0,21.32,300.0,21.31,200.0,21.39,200.0,21.43,200.0,21.45,2500.0,21.48,3100.0,21.5,4100.0,2004000
21.38,200.0,21.37,400.0,21.33,700.0,21.32,300.0,21.31,200.0,21.39,200.0,21.43,200.0,21.45,2500.0,21.48,3100.0,21.5,4100.0,2010000
21.38,200.0,21.37,400.0,21.33,700.0,21.32,300.0,21.31,200.0,21.39,700.0,21.43,200.0,21.45,2500.0,21.48,3100.0,21.5,4100.0,2016000
21.38,400.0,21.37,400.0,21.33,700.0,21.32,300.0,21.31,200.0,21.39,700.0,21.43,200.0,21.45,2500.0,21.48,3100.0,21.5,4100.0,2034000
21.38,400.0,21.37,400.0,21.33,700.0,21.32,300.0,21.31,200.0,21.39,700.0,21.43,200.0,21.45,2500.0,21.48,3100.0,21.5,4100.0,2037000
21.38,400.0,21.37,400.0,21.33,700.0,21.32,300.0,21.31,200.0,21.42,200.0,21.43,600.0,21.45,2500.0,21.48,3100.0,21.5,4100.0,2040000
21.38,500.0,21.37,400.0,21.33,700.0,21.32,300.0,21.31,200.0,21.42,200.0,21.43,600.0,21.45,2500.0,21.48,3100.0,21.5,4100.0,2046000
21.39,200.0,21.38,500.0,21.37,400.0,21.33,700.0,21.32,300.0,21.42,200.0,21.43,600.0,21.45,2500.0,21.48,3100.0,21.5,4100.0,2064000
21.39,200.0,21.38,500.0,21.37,400.0,21.33,700.0,21.32,300.0,21.42,200.0,21.43,600.0,21.45,2500.0,21.48,3100.0,21.5,4100.0,2067000
21.4,300.0,21.39,200.0,21.38,500.0,21.37,400.0,21.33,700.0,21.42,200.0,21.43,600.0,21.45,2500.0,21.48,3100.0,21.5,4100.0,2094000
21.4,300.0,21.39,200.0,21.38,500.0,21.37,400.0,21.33,700.0,21.42,200.0,21.43,600.0,21.45,2500.0,21.48,3100.0,21.5,4100.0,2097000
21.39,100.0,21.38,400.0,21.37,400.0,21.33,700.0,21.32,300.0,21.4,100.0,21.41,1100.0,21.42,200.0,21.43,600.0,21.45,2500.0,2109000
21.38,400.0,21.37,400.0,21.33,700.0,21.32,300.0,21.31,200.0,21.39,100.0,21.4,100.0,21.41,1100.0,21.42,200.0,21.43,600.0,2115000
21.38,400.0,21.37,400.0,21.33,700.0,21.32,300.0,21.31,200.0,21.39,400.0,21.4,100.0,21.41,1100.0,21.42,200.0,21.43,600.0,2121000
21.38,300.0,21.37,400.0,21.33,700.0,21.32,300.0,21.31,200.0,21.39,400.0,21.4,100.0,21.41,1100.0,21.42,200.0,21.43,600.0,2124000
21.38,300.0,21.37,400.0,21.33,700.0,21.32,300.0,21.31,200.0,21.39,400.0,21.4,100.0,21.42,200.0,21.43,600.0,21.45,2500.0,2142000
21.38,100.0,21.37,400.0,21.33,700.0,21.32,300.0,21.31,200.0,21.39,300.0,21.4,100.0,21.43,600.0,21.45,2500.0,21.48,3100.0,2160000
21.38,100.0,21.37,400.0,21.33,700.0,21.32,300.0,21.31,200.0,21.39,300.0,21.4,100.0,21.43,600.0,21.45,2500.0,21.48,3100.0,2163000
21.38,100.0,21.37,400.0,21.33,700.0,21.32,300.0,21.31,200.0,21.4,100.0,21.43,600.0,21.45,2500.0,21.48,3100.0,21.5,4100.0,2172000
21.38,400.0,21.37,400.0,21.33,700.0,21.32,300.0,21.31,200.0,21.4,100.0,21.43,600.0,21.45,2500.0,21.48,3100.0,21.5,4100.0,2175000
21.38,400.0,21.37,400.0,21.33,700.0,21.32,300.0,21.31,200.0,21.4,100.0,21.43,600.0,21.45,2500.0,21.48,3100.0,21.5,4100.0,2193000
21.38,300.0,21.37,400.0,21.33,700.0,21.32,300.0,21.31,200.0,21.4,100.0,21.43,600.0,21.45,2500.0,21.48,3100.0,21.5,4100.0,2199000
21.38,400.0,21.37,400.0,21.33,700.0,21.32,300.0,21.31,200.0,21.4,100.0,21.43,600.0,21.45,2500.0,21.48,3100.0,21.5,4100.0,2205000
21.38,400.0,21.37,400.0,21.33,700.0,21.32,300.0,21.31,200.0,21.4,100.0,21.43,600.0,21.45,2500.0,21.48,3100.0,21.5,4100.0,2223000
21.38,500.0,21.37,400.0,21.33,700.0,21.32,300.0,21.31,200.0,21.43,400.0,21.45,2500.0,21.48,3100.0,21.5,4100.0,21.51,500.0,2229000
21.38,500.0,21.37,400.0,21.33,700.0,21.32,300.0,21.31,200.0,21.43,400.0,21.45,2500.0,21.48,3100.0,21.5,4100.0,21.51,500.0,2235000
21.39,400.0,21.38,500.0,21.37,400.0,21.33,700.0,21.32,300.0,21.43,400.0,21.45,2500.0,21.48,3100.0,21.5,4100.0,21.51,500.0,2244000
21.39,400.0,21.38,500.0,21.37,400.0,21.33,700.0,21.32,300.0,21.43,400.0,21.45,2500.0,21.48,3100.0,21.5,4100.0,21.51,500.0,2250000
21.43,1800.0,21.39,400.0,21.38,500.0,21.37,400.0,21.33,700.0,21.45,2500.0,21.48,3100.0,21.5,4100.0,21.51,500.0,21.52,100.0,2268000
21.43,1700.0,21.39,400.0,21.38,500.0,21.37,400.0,21.33,700.0,21.45,2500.0,21.48,3100.0,21.5,4100.0,21.51,500.0,21.52,100.0,2274000
21.43,1700.0,21.39,400.0,21.38,400.0,21.37,200.0,21.33,700.0,21.45,2500.0,21.48,3100.0,21.5,4100.0,21.51,500.0,21.52,100.0,2283000
21.43,1700.0,21.39,400.0,21.38,400.0,21.37,200.0,21.33,700.0,21.45,2500.0,21.48,3100.0,21.5,4100.0,21.51,500.0,21.52,100.0,2289000
21.44,1700.0,21.39,100.0,21.38,400.0,21.37,200.0,21.33,700.0,21.45,2500.0,21.48,3100.0,21.5,4100.0,21.51,500.0,21.52,100.0,2295000
21.44,2200.0,21.39,400.0,21.38,400.0,21.37,200.0,21.33,700.0,21.48,2600.0,21.5,4100.0,21.51,500.0,21.52,100.0,21.54,900.0,2298000
21.44,2000.0,21.39,400.0,21.38,400.0,21.37,200.0,21.33,700.0,21.48,2600.0,21.5,4100.0,21.51,500.0,21.52,100.0,21.54,900.0,2301000
21.45,2000.0,21.44,1500.0,21.39,400.0,21.38,400.0,21.37,200.0,21.48,2600.0,21.5,4100.0,21.51,500.0,21.52,100.0,21.54,900.0,2304000
21.45,1900.0,21.44,1500.0,21.39,400.0,21.38,400.0,21.37,200.0,21.48,2600.0,21.5,4100.0,21.51,500.0,21.52,100.0,21.54,900.0,2307000
21.46,100.0,21.45,1900.0,21.44,1500.0,21.39,400.0,21.38,400.0,21.48,2600.0,21.5,4100.0,21.51,500.0,21.52,100.0,21.54,900.0,2310000
21.46,100.0,21.45,1900.0,21.44,1500.0,21.39,400.0,21.38,400.0,21.48,2700.0,21.5,4100.0,21.51,500.0,21.52,100.0,21.54,900.0,2313000
21.46,100.0,21.45,200.0,21.44,1500.0,21.39,400.0,21.38,400.0,21.48,2700.0,21.5,4100.0,21.51,500.0,21.52,100.0,21.54,900.0,2316000
21.45,200.0,21.44,1500.0,21.39,400.0,21.38,400.0,21.37,200.0,21.48,2700.0,21.5,4100.0,21.51,500.0,21.52,100.0,21.54,900.0,2319000
21.45,300.0,21.44,1500.0,21.39,400.0,21.38,400.0,21.37,200.0,21.48,900.0,21.5,4100.0,21.51,500.0,21.52,100.0,21.54,900.0,2325000
21.45,800.0,21.44,1500.0,21.39,400.0,21.38,400.0,21.37,200.0,21.48,900.0,21.5,4100.0,21.51,500.0,21.54,900.0,21.55,1100.0,2328000
21.5,6200.0,21.45,300.0,21.44,1500.0,21.39,400.0,21.38,400.0,21.51,500.0,21.54,900.0,21.55,1100.0,21.57,200.0,21.58,1300.0,2331000
21.52,600.0,21.51,7500.0,21.5,5700.0,21.48,300.0,21.46,100.0,21.54,900.0,21.55,1100.0,21.57,200.0,21.58,1300.0,21.59,6000.0,2334000
21.52,600.0,21.51,7500.0,21.5,5700.0,21.48,200.0,21.46,100.0,21.54,900.0,21.55,1100.0,21.57,200.0,21.58,1300.0,21.59,6000.0,2337000
21.52,600.0,21.51,7500.0,21.5,5700.0,21.48,200.0,21.46,100.0,21.54,1000.0,21.55,1100.0,21.57,200.0,21.58,1300.0,21.59,6000.0,2340000
21.52,700.0,21.51,7500.0,21.5,5700.0,21.48,200.0,21.46,100.0,21.54,1000.0,21.55,1100.0,21.57,200.0,21.58,1300.0,21.59,6000.0,2343000
21.51,7500.0,21.5,5700.0,21.48,200.0,21.46,100.0,21.45,200.0,21.53,200.0,21.54,600.0,21.55,1100.0,21.57,200.0,21.58,1300.0,2346000
21.52,300.0,21.51,7500.0,21.5,5700.0,21.48,200.0,21.46,100.0,21.53,200.0,21.54,600.0,21.55,1100.0,21.57,200.0,21.58,1600.0,2349000
21.53,300.0,21.52,300.0,21.51,7500.0,21.5,5700.0,21.48,200.0,21.54,600.0,21.55,1100.0,21.57,200.0,21.58,1600.0,21.59,6000.0,2352000
21.53,700.0,21.52,300.0,21.51,7500.0,21.5,5700.0,21.48,200.0,21.54,300.0,21.55,1100.0,21.57,200.0,21.58,1600.0,21.59,6000.0,2364000
21.53,700.0,21.52,300.0,21.51,7500.0,21.5,5700.0,21.48,200.0,21.54,1000.0,21.55,1100.0,21.57,200.0,21.58,1600.0,21.59,6000.0,2367000
21.53,800.0,21.52,300.0,21.51,7500.0,21.5,8700.0,21.48,200.0,21.54,1000.0,21.55,1100.0,21.57,200.0,21.58,1600.0,21.59,4300.0,2370000
21.53,800.0,21.52,300.0,21.51,7500.0,21.5,8700.0,21.48,200.0,21.54,900.0,21.55,1100.0,21.57,200.0,21.58,1600.0,21.59,4300.0,2373000
21.53,400.0,21.52,300.0,21.51,7500.0,21.5,8700.0,21.48,200.0,21.54,1900.0,21.55,2100.0,21.57,200.0,21.58,1600.0,21.59,4300.0,2376000
21.53,300.0,21.52,300.0,21.51,7500.0,21.5,8700.0,21.48,200.0,21.54,1800.0,21.55,2100.0,21.57,200.0,21.58,1600.0,21.59,4300.0,2379000
21.53,700.0,21.52,300.0,21.51,7500.0,21.5,9000.0,21.48,200.0,21.54,1500.0,21.55,2100.0,21.57,200.0,21.58,1600.0,21.59,500.0,2382000
21.52,100.0,21.51,7500.0,21.5,9000.0,21.48,200.0,21.46,100.0,21.53,300.0,21.54,1500.0,21.55,2100.0,21.57,200.0,21.58,1600.0,2385000
21.52,100.0,21.51,7500.0,21.5,9000.0,21.48,200.0,21.46,100.0,21.53,400.0,21.54,1500.0,21.55,6800.0,21.57,200.0,21.58,1600.0,2388000
21.51,7500.0,21.5,9000.0,21.48,200.0,21.46,100.0,21.45,200.0,21.53,400.0,21.54,1500.0,21.55,6800.0,21.57,200.0,21.58,1600.0,2391000
21.51,7500.0,21.5,9000.0,21.48,200.0,21.46,100.0,21.45,200.0,21.52,1000.0,21.53,100.0,21.54,1500.0,21.55,7300.0,21.57,200.0,2394000
21.51,7500.0,21.5,9000.0,21.48,200.0,21.46,100.0,21.45,200.0,21.52,1100.0,21.53,100.0,21.54,5300.0,21.55,7300.0,21.57,200.0,2397000
21.51,7500.0,21.5,9000.0,21.48,200.0,21.46,100.0,21.45,200.0,21.52,1100.0,21.53,100.0,21.54,5300.0,21.55,7300.0,21.57,200.0,2403000
21.51,7500.0,21.5,9000.0,21.48,200.0,21.46,100.0,21.45,200.0,21.52,100.0,21.53,100.0,21.54,5300.0,21.55,7300.0,21.57,200.0,2406000
21.51,7300.0,21.5,9000.0,21.48,200.0,21.46,100.0,21.45,200.0,21.54,5400.0,21.55,7300.0,21.57,200.0,21.58,1600.0,21.59,500.0,2409000
21.51,7300.0,21.5,9000.0,21.48,200.0,21.46,100.0,21.45,200.0,21.54,5400.0,21.55,7300.0,21.57,200.0,21.58,1600.0,21.59,500.0,2418000
21.51,7300.0,21.5,9000.0,21.48,200.0,21.46,100.0,21.45,200.0,21.53,3800.0,21.54,5300.0,21.55,7300.0,21.57,200.0,21.58,1600.0,2421000
21.51,7300.0,21.5,9000.0,21.48,200.0,21.46,100.0,21.45,200.0,21.53,3900.0,21.54,5300.0,21.55,7300.0,21.57,200.0,21.58,1600.0,2424000
21.51,7300.0,21.5,9000.0,21.48,200.0,21.46,100.0,21.45,200.0,21.53,3900.0,21.54,5500.0,21.55,6200.0,21.57,200.0,21.58,1600.0,2427000
21.51,3500.0,21.5,9000.0,21.48,200.0,21.46,100.0,21.45,200.0,21.52,1100.0,21.53,3800.0,21.54,5500.0,21.55,6200.0,21.57,200.0,2430000
21.48,200.0,21.46,100.0,21.45,200.0,21.44,1500.0,21.39,100.0,21.51,800.0,21.52,1000.0,21.53,3800.0,21.54,5500.0,21.55,6200.0,2433000
21.48,200.0,21.46,100.0,21.45,200.0,21.44,1500.0,21.39,100.0,21.51,6100.0,21.52,1000.0,21.53,3800.0,21.54,5500.0,21.55,6200.0,2436000
21.46,100.0,21.45,200.0,21.44,1500.0,21.39,100.0,21.38,300.0,21.51,700.0,21.52,1000.0,21.53,3800.0,21.54,5500.0,21.55,6200.0,2439000
21.46,400.0,21.45,200.0,21.44,1500.0,21.39,100.0,21.38,300.0,21.51,100.0,21.52,1000.0,21.53,3800.0,21.54,5500.0,21.55,2500.0,2442000
21.46,500.0,21.45,200.0,21.44,1500.0,21.39,100.0,21.38,300.0,21.51,900.0,21.52,1000.0,21.53,3800.0,21.54,5500.0,21.55,2500.0,2445000
21.46,500.0,21.45,200.0,21.44,1500.0,21.39,100.0,21.38,300.0,21.51,900.0,21.52,1000.0,21.53,3800.0,21.54,5300.0,21.55,2500.0,2448000
21.51,200.0,21.46,500.0,21.45,200.0,21.44,1500.0,21.39,100.0,21.52,1000.0,21.53,3800.0,21.54,5300.0,21.55,2500.0,21.57,200.0,2451000
21.46,500.0,21.45,200.0,21.44,1500.0,21.39,100.0,21.38,300.0,21.51,3500.0,21.52,1000.0,21.53,3800.0,21.54,5300.0,21.55,2500.0,2457000
21.46,500.0,21.45,200.0,21.44,1500.0,21.39,100.0,21.38,300.0,21.51,3500.0,21.52,1000.0,21.53,3800.0,21.54,5300.0,21.55,1500.0,2469000
21.46,500.0,21.45,200.0,21.44,1500.0,21.39,100.0,21.38,300.0,21.51,3500.0,21.52,1000.0,21.53,3800.0,21.54,5300.0,21.55,1500.0,2472000
21.46,600.0,21.45,200.0,21.44,1500.0,21.39,100.0,21.38,300.0,21.51,3200.0,21.52,1000.0,21.53,3800.0,21.54,6300.0,21.55,1500.0,2475000
21.46,600.0,21.45,200.0,21.44,1500.0,21.39,100.0,21.38,300.0,21.51,2900.0,21.52,1000.0,21.53,3800.0,21.54,6300.0,21.55,1600.0,2478000
21.46,600.0,21.45,200.0,21.44,1500.0,21.39,100.0,21.38,300.0,21.51,2600.0,21.52,1000.0,21.53,3800.0,21.54,6300.0,21.55,1600.0,2481000
21.46,600.0,21.45,200.0,21.44,1500.0,21.39,100.0,21.38,300.0,21.5,400.0,21.51,2600.0,21.52,1000.0,21.53,3800.0,21.54,6300.0,2484000
21.46,600.0,21.45,200.0,21.44,1500.0,21.39,100.0,21.38,300.0,21.5,400.0,21.51,2600.0,21.52,1000.0,21.53,3800.0,21.54,6300.0,2487000
21.46,500.0,21.45,200.0,21.44,1500.0,21.39,100.0,21.38,300.0,21.5,400.0,21.51,2600.0,21.52,1000.0,21.53,3800.0,21.54,6300.0,2490000
21.46,500.0,21.45,200.0,21.44,1500.0,21.39,100.0,21.38,300.0,21.5,400.0,21.51,2600.0,21.52,1000.0,21.53,3800.0,21.54,6300.0,2493000
21.46,500.0,21.45,200.0,21.44,1500.0,21.39,100.0,21.38,300.0,21.5,400.0,21.51,2600.0,21.52,1000.0,21.53,3800.0,21.54,6300.0,2499000
21.46,500.0,21.45,200.0,21.44,1500.0,21.39,100.0,21.38,300.0,21.5,400.0,21.51,2600.0,21.52,1000.0,21.53,3800.0,21.54,2500.0,2505000
21.46,900.0,21.45,200.0,21.44,1500.0,21.39,500.0,21.38,300.0,21.5,400.0,21.51,2600.0,21.52,1000.0,21.53,3800.0,21.54,2500.0,2511000
21.46,900.0,21.45,200.0,21.44,1500.0,21.39,500.0,21.38,300.0,21.49,400.0,21.5,400.0,21.51,2600.0,21.52,1000.0,21.53,3800.0,2514000
21.5,200.0,21.46,500.0,21.45,200.0,21.44,1500.0,21.39,500.0,21.51,2600.0,21.52,1000.0,21.53,3800.0,21.54,2500.0,21.55,2200.0,2517000
21.5,200.0,21.46,1000.0,21.45,200.0,21.44,1500.0,21.39,500.0,21.51,2600.0,21.52,1000.0,21.53,3800.0,21.54,2500.0,21.55,2200.0,2520000
21.5,200.0,21.46,1000.0,21.45,200.0,21.44,1500.0,21.39,500.0,21.51,2600.0,21.52,1000.0,21.53,3800.0,21.54,2500.0,21.55,2200.0,2523000
21.5,200.0,21.46,1000.0,21.45,200.0,21.44,1500.0,21.39,500.0,21.51,2600.0,21.52,1000.0,21.53,3800.0,21.54,2500.0,21.55,2200.0,2526000
21.5,200.0,21.46,1000.0,21.45,200.0,21.44,1500.0,21.39,500.0,21.51,2500.0,21.52,1000.0,21.53,3800.0,21.54,2500.0,21.55,2200.0,2529000
21.5,100.0,21.46,1000.0,21.45,200.0,21.44,1500.0,21.39,500.0,21.51,2500.0,21.52,1000.0,21.53,3800.0,21.54,2500.0,21.55,2200.0,2538000
21.5,100.0,21.46,1000.0,21.45,200.0,21.44,1500.0,21.39,500.0,21.51,2500.0,21.52,1000.0,21.53,3800.0,21.54,2500.0,21.55,2200.0,2541000
21.5,300.0,21.46,1000.0,21.45,200.0,21.44,1500.0,21.39,500.0,21.51,2500.0,21.52,1000.0,21.53,3800.0,21.54,2500.0,21.55,2200.0,2544000
21.46,1500.0,21.45,200.0,21.44,1500.0,21.39,500.0,21.38,300.0,21.5,3500.0,21.51,2500.0,21.52,1000.0,21.53,3800.0,21.54,2500.0,2550000
21.46,1500.0,21.45,200.0,21.44,1500.0,21.39,500.0,21.38,300.0,21.5,3500.0,21.51,4000.0,21.52,1000.0,21.53,3800.0,21.54,2500.0,2556000
21.46,1500.0,21.45,200.0,21.44,1500.0,21.39,500.0,21.38,300.0,21.5,3500.0,21.51,4000.0,21.52,1000.0,21.53,3800.0,21.54,2500.0,2568000
21.46,1000.0,21.45,200.0,21.44,1500.0,21.39,500.0,21.38,300.0,21.5,3500.0,21.51,4000.0,21.52,1000.0,21.53,3800.0,21.54,1500.0,2571000
21.46,1000.0,21.45,200.0,21.44,1500.0,21.39,500.0,21.38,300.0,21.5,3200.0,21.51,4000.0,21.52,1000.0,21.53,3800.0,21.54,1500.0,2580000
21.46,1000.0,21.45,200.0,21.44,1500.0,21.39,500.0,21.38,300.0,21.5,3300.0,21.51,4000.0,21.52,1000.0,21.53,3800.0,21.54,1500.0,2583000
21.46,1000.0,21.45,200.0,21.44,1500.0,21.39,500.0,21.38,300.0,21.5,3300.0,21.51,4000.0,21.52,1000.0,21.53,3800.0,21.54,1500.0,2586000
21.46,1000.0,21.45,200.0,21.44,1500.0,21.39,500.0,21.38,300.0,21.49,300.0,21.5,3300.0,21.51,4000.0,21.52,1000.0,21.53,3800.0,2589000
21.46,1000.0,21.45,200.0,21.44,1500.0,21.39,500.0,21.38,300.0,21.49,300.0,21.5,4000.0,21.51,4000.0,21.52,1000.0,21.53,3800.0,2592000
21.46,1000.0,21.45,200.0,21.44,1500.0,21.39,500.0,21.38,300.0,21.49,400.0,21.5,4000.0,21.51,4000.0,21.52,1000.0,21.53,3800.0,2598000
21.47,100.0,21.46,1000.0,21.45,200.0,21.44,1500.0,21.39,500.0,21.49,400.0,21.5,4000.0,21.51,4000.0,21.52,1000.0,21.53,3800.0,2604000
21.47,100.0,21.46,1000.0,21.45,200.0,21.44,1500.0,21.39,500.0,21.49,500.0,21.5,3900.0,21.51,4000.0,21.52,1000.0,21.53,3800.0,2607000
21.49,300.0,21.47,100.0,21.46,1000.0,21.45,200.0,21.44,1500.0,21.5,4000.0,21.51,4000.0,21.52,1000.0,21.53,3800.0,21.54,1500.0,2616000
21.46,1000.0,21.45,200.0,21.44,1500.0,21.39,500.0,21.38,300.0,21.47,200.0,21.49,100.0,21.5,4000.0,21.51,4000.0,21.52,1200.0,2619000
21.46,1500.0,21.45,200.0,21.44,1500.0,21.39,500.0,21.38,300.0,21.5,2900.0,21.51,4000.0,21.52,1200.0,21.53,3800.0,21.54,1500.0,2625000
21.46,1500.0,21.45,200.0,21.44,1500.0,21.39,500.0,21.38,300.0,21.5,2900.0,21.51,4000.0,21.52,1200.0,21.54,1500.0,21.55,2200.0,2640000
21.47,500.0,21.46,1500.0,21.45,200.0,21.44,1500.0,21.39,500.0,21.5,2900.0,21.51,4000.0,21.52,1200.0,21.54,1500.0,21.55,2200.0,2649000
21.47,100.0,21.46,1500.0,21.45,200.0,21.44,1500.0,21.39,500.0,21.5,2900.0,21.51,4000.0,21.52,1200.0,21.54,1500.0,21.55,2200.0,2655000
21.47,300.0,21.46,1500.0,21.45,200.0,21.44,1500.0,21.39,500.0,21.5,2900.0,21.51,4000.0,21.52,1200.0,21.54,1500.0,21.55,2200.0,2664000
21.47,300.0,21.46,1500.0,21.45,200.0,21.44,1500.0,21.39,500.0,21.5,3600.0,21.51,4000.0,21.52,1200.0,21.54,1500.0,21.55,2200.0,2667000
21.47,300.0,21.46,1500.0,21.45,200.0,21.44,1500.0,21.39,500.0,21.5,3600.0,21.51,4000.0,21.52,2200.0,21.54,1500.0,21.55,2200.0,2670000
21.47,200.0,21.46,1500.0,21.45,200.0,21.44,1500.0,21.4,200.0,21.5,7400.0,21.51,4000.0,21.52,2200.0,21.54,1500.0,21.55,2200.0,2673000
21.47,200.0,21.46,1500.0,21.45,200.0,21.44,1500.0,21.4,200.0,21.5,7400.0,21.51,4000.0,21.52,2200.0,21.54,1500.0,21.55,2200.0,2676000
21.47,200.0,21.46,1500.0,21.45,200.0,21.44,1500.0,21.4,200.0,21.5,7500.0,21.51,4000.0,21.52,2200.0,21.54,1500.0,21.55,2200.0,2685000
21.47,200.0,21.46,1500.0,21.45,200.0,21.44,1500.0,21.4,200.0,21.5,7500.0,21.51,1500.0,21.52,2200.0,21.54,1500.0,21.55,7000.0,2688000
21.47,200.0,21.46,1500.0,21.45,200.0,21.44,1500.0,21.4,200.0,21.5,10000.0,21.51,1500.0,21.52,2200.0,21.54,1500.0,21.55,7000.0,2694000
21.46,500.0,21.45,200.0,21.44,1500.0,21.4,200.0,21.39,500.0,21.47,100.0,21.48,500.0,21.49,100.0,21.5,10000.0,21.51,1500.0,2703000
21.45,200.0,21.44,1500.0,21.4,200.0,21.39,500.0,21.38,300.0,21.48,500.0,21.5,10500.0,21.51,1500.0,21.52,2200.0,21.54,1500.0,2706000
21.45,200.0,21.44,1500.0,21.4,200.0,21.39,500.0,21.38,300.0,21.47,100.0,21.48,300.0,21.5,10500.0,21.51,1500.0,21.52,2200.0,2709000
21.47,800.0,21.45,200.0,21.44,1500.0,21.4,200.0,21.39,500.0,21.48,300.0,21.5,10500.0,21.51,1500.0,21.52,2200.0,21.54,1500.0,2712000
21.45,200.0,21.44,1500.0,21.4,200.0,21.39,500.0,21.38,300.0,21.47,200.0,21.48,1400.0,21.5,10500.0,21.51,1500.0,21.52,2200.0,2715000
21.45,100.0,21.44,1500.0,21.4,200.0,21.39,500.0,21.38,300.0,21.46,800.0,21.47,1900.0,21.48,1100.0,21.5,11500.0,21.51,1500.0,2718000
21.44,1500.0,21.4,200.0,21.39,500.0,21.38,300.0,21.37,200.0,21.46,800.0,21.47,300.0,21.48,1100.0,21.5,11500.0,21.51,1500.0,2721000
21.44,1400.0,21.4,200.0,21.39,500.0,21.38,300.0,21.37,200.0,21.47,200.0,21.48,1100.0,21.5,11500.0,21.51,1500.0,21.52,2200.0,2724000
21.44,1400.0,21.4,200.0,21.39,500.0,21.38,300.0,21.37,200.0,21.47,200.0,21.48,1100.0,21.5,11500.0,21.51,1500.0,21.52,2200.0,2727000
21.44,1400.0,21.4,200.0,21.39,500.0,21.38,300.0,21.37,200.0,21.45,200.0,21.47,200.0,21.48,1100.0,21.5,11500.0,21.51,1500.0,2730000
21.44,1400.0,21.4,200.0,21.39,500.0,21.38,300.0,21.37,200.0,21.47,200.0,21.48,1100.0,21.5,11500.0,21.51,1500.0,21.52,2200.0,2733000
21.46,100.0,21.44,1500.0,21.4,200.0,21.39,500.0,21.38,300.0,21.47,200.0,21.48,1100.0,21.5,11500.0,21.51,1500.0,21.52,2200.0,2745000
21.46,100.0,21.44,1500.0,21.4,200.0,21.39,500.0,21.38,300.0,21.47,200.0,21.48,1100.0,21.5,11400.0,21.51,1500.0,21.52,3000.0,2748000
21.44,1500.0,21.4,200.0,21.39,500.0,21.38,300.0,21.37,200.0,21.47,200.0,21.48,1100.0,21.5,11400.0,21.51,1500.0,21.52,3000.0,2751000
21.44,1500.0,21.4,200.0,21.39,500.0,21.38,300.0,21.37,200.0,21.47,100.0,21.48,1100.0,21.5,11400.0,21.51,1500.0,21.52,3000.0,2754000
21.44,1100.0,21.4,200.0,21.39,500.0,21.38,300.0,21.37,200.0,21.47,100.0,21.48,1100.0,21.5,11400.0,21.51,1500.0,21.52,3000.0,2757000
21.44,1200.0,21.4,200.0,21.39,500.0,21.38,300.0,21.37,200.0,21.47,100.0,21.48,1100.0,21.5,11400.0,21.51,1500.0,21.52,3000.0,2760000
21.44,1200.0,21.4,200.0,21.39,500.0,21.38,300.0,21.37,200.0,21.47,100.0,21.48,1100.0,21.5,11400.0,21.51,1500.0,21.52,3000.0,2766000
21.44,1200.0,21.4,200.0,21.39,500.0,21.38,300.0,21.37,200.0,21.47,100.0,21.48,1100.0,21.5,11400.0,21.51,1500.0,21.52,3000.0,2772000
21.44,1200.0,21.4,200.0,21.39,500.0,21.38,300.0,21.37,200.0,21.47,100.0,21.48,1100.0,21.5,11400.0,21.51,1500.0,21.52,3000.0,2775000
21.44,1000.0,21.4,200.0,21.39,500.0,21.38,300.0,21.37,200.0,21.47,100.0,21.48,1100.0,21.5,11400.0,21.51,1500.0,21.52,3100.0,2781000
21.45,100.0,21.44,1000.0,21.4,200.0,21.39,500.0,21.38,300.0,21.47,100.0,21.48,1100.0,21.5,11400.0,21.51,1500.0,21.52,3500.0,2784000
21.45,200.0,21.44,1000.0,21.4,200.0,21.39,500.0,21.38,300.0,21.47,100.0,21.48,1100.0,21.5,11400.0,21.51,1500.0,21.52,3500.0,2793000
21.45,100.0,21.44,1000.0,21.4,200.0,21.39,500.0,21.38,300.0,21.47,100.0,21.48,1100.0,21.5,11400.0,21.51,1500.0,21.52,3500.0,2802000
21.45,800.0,21.44,1000.0,21.4,200.0,21.39,500.0,21.38,300.0,21.5,11400.0,21.51,1500.0,21.52,3500.0,21.54,1500.0,21.55,2200.0,2805000
21.46,600.0,21.45,800.0,21.44,1000.0,21.4,200.0,21.39,500.0,21.5,11400.0,21.51,1500.0,21.52,3500.0,21.54,1500.0,21.55,2200.0,2811000
21.46,600.0,21.45,700.0,21.44,1000.0,21.4,200.0,21.39,500.0,21.5,11400.0,21.51,1500.0,21.52,3500.0,21.54,1500.0,21.55,2200.0,2820000
21.46,600.0,21.45,700.0,21.44,1000.0,21.4,200.0,21.39,500.0,21.5,11400.0,21.51,1500.0,21.52,3500.0,21.54,1500.0,21.55,2200.0,2823000
21.47,200.0,21.46,600.0,21.45,700.0,21.44,1000.0,21.4,200.0,21.5,11400.0,21.51,1500.0,21.52,3500.0,21.54,1500.0,21.55,2200.0,2826000
21.47,100.0,21.46,500.0,21.45,700.0,21.44,1000.0,21.4,200.0,21.49,500.0,21.5,11300.0,21.51,1500.0,21.52,3500.0,21.54,1500.0,2835000
21.47,300.0,21.46,2800.0,21.45,700.0,21.44,1000.0,21.4,200.0,21.49,500.0,21.5,11300.0,21.51,1500.0,21.52,3100.0,21.54,1500.0,2844000
21.47,200.0,21.46,2800.0,21.45,700.0,21.44,1000.0,21.4,200.0,21.49,600.0,21.5,11300.0,21.51,1500.0,21.52,3100.0,21.54,1500.0,2850000
21.47,200.0,21.46,2800.0,21.45,700.0,21.44,1000.0,21.4,200.0,21.49,600.0,21.5,11300.0,21.51,1500.0,21.52,3100.0,21.54,1500.0,2859000
21.47,200.0,21.46,2800.0,21.45,700.0,21.44,1000.0,21.4,200.0,21.49,600.0,21.5,11300.0,21.51,1500.0,21.52,3100.0,21.54,1500.0,2871000
21.47,200.0,21.46,2800.0,21.45,700.0,21.44,1000.0,21.39,500.0,21.49,600.0,21.5,11300.0,21.51,1500.0,21.52,3100.0,21.54,1500.0,2883000
21.47,200.0,21.46,2800.0,21.45,700.0,21.44,1000.0,21.39,500.0,21.49,600.0,21.5,11300.0,21.51,1500.0,21.52,3100.0,21.54,1500.0,2901000
21.48,100.0,21.47,200.0,21.46,2800.0,21.45,700.0,21.44,1000.0,21.49,600.0,21.5,11300.0,21.51,1500.0,21.52,3100.0,21.54,1500.0,2904000
21.48,100.0,21.47,200.0,21.46,2800.0,21.45,700.0,21.44,1000.0,21.49,600.0,21.5,11300.0,21.51,1500.0,21.52,3100.0,21.54,1500.0,2910000
21.47,200.0,21.46,2800.0,21.45,700.0,21.44,1000.0,21.39,500.0,21.48,100.0,21.49,600.0,21.5,11300.0,21.51,1500.0,21.52,3100.0,2913000
21.47,200.0,21.46,2800.0,21.45,700.0,21.44,1000.0,21.39,500.0,21.48,200.0,21.49,600.0,21.5,11300.0,21.51,1500.0,21.52,3100.0,2916000
21.47,200.0,21.46,2800.0,21.45,700.0,21.44,1000.0,21.39,500.0,21.48,200.0,21.49,600.0,21.5,11300.0,21.51,1500.0,21.52,3100.0,2919000
21.47,300.0,21.46,2800.0,21.45,700.0,21.44,900.0,21.39,500.0,21.48,200.0,21.49,600.0,21.5,11300.0,21.51,1500.0,21.52,3100.0,2922000
21.47,200.0,21.46,2800.0,21.45,700.0,21.44,900.0,21.39,500.0,21.48,200.0,21.49,600.0,21.5,11300.0,21.51,1500.0,21.52,3100.0,2931000
21.47,200.0,21.46,2800.0,21.45,700.0,21.44,900.0,21.39,500.0,21.48,200.0,21.49,600.0,21.5,11300.0,21.51,1500.0,21.52,3100.0,2934000
21.47,200.0,21.46,2800.0,21.45,700.0,21.44,900.0,21.39,500.0,21.48,100.0,21.49,600.0,21.5,11300.0,21.51,1500.0,21.52,3100.0,2940000
21.47,200.0,21.46,2800.0,21.45,700.0,21.44,900.0,21.39,500.0,21.48,100.0,21.49,600.0,21.5,11300.0,21.51,1500.0,21.52,3100.0,2955000
21.47,200.0,21.46,2800.0,21.45,700.0,21.44,900.0,21.39,500.0,21.49,1200.0,21.5,11300.0,21.51,1500.0,21.52,3100.0,21.54,1500.0,2958000
21.48,200.0,21.47,200.0,21.46,2800.0,21.45,700.0,21.44,900.0,21.49,1200.0,21.5,11300.0,21.51,1500.0,21.52,3100.0,21.54,1500.0,2964000
21.48,100.0,21.47,200.0,21.46,2800.0,21.45,700.0,21.44,900.0,21.49,1200.0,21.5,11300.0,21.51,1500.0,21.52,3100.0,21.54,1500.0,2970000
21.47,200.0,21.46,2800.0,21.45,700.0,21.44,900.0,21.39,500.0,21.48,100.0,21.49,1200.0,21.5,11300.0,21.51,1500.0,21.52,3100.0,2976000
21.47,100.0,21.46,2800.0,21.45,700.0,21.44,900.0,21.39,500.0,21.48,800.0,21.49,1200.0,21.5,11300.0,21.51,1500.0,21.52,3100.0,2982000
21.46,2800.0,21.45,700.0,21.44,900.0,21.39,500.0,21.38,100.0,21.48,800.0,21.49,1200.0,21.5,11300.0,21.51,1500.0,21.52,3100.0,2988000
21.46,2800.0,21.45,700.0,21.44,900.0,21.39,500.0,21.38,100.0,21.48,800.0,21.49,1200.0,21.5,11300.0,21.51,1500.0,21.52,3100.0,2994000
21.46,2800.0,21.45,700.0,21.44,900.0,21.39,500.0,21.38,100.0,21.48,100.0,21.49,1200.0,21.5,11300.0,21.51,1500.0,21.52,3100.0,3000000
21.46,2800.0,21.45,700.0,21.44,900.0,21.39,500.0,21.38,100.0,21.47,300.0,21.48,100.0,21.49,1200.0,21.5,11300.0,21.51,1500.0,3006000
21.46,2800.0,21.45,500.0,21.44,900.0,21.39,500.0,21.38,100.0,21.47,300.0,21.48,800.0,21.49,1200.0,21.5,11300.0,21.51,1500.0,3009000
21.46,2800.0,21.45,500.0,21.44,900.0,21.39,500.0,21.38,100.0,21.47,300.0,21.48,800.0,21.49,1200.0,21.5,11300.0,21.51,1500.0,3012000
21.46,2700.0,21.45,500.0,21.44,900.0,21.39,500.0,21.38,100.0,21.47,300.0,21.48,700.0,21.49,1200.0,21.5,11300.0,21.51,1500.0,3015000
21.45,400.0,21.44,900.0,21.39,500.0,21.38,100.0,21.37,200.0,21.46,400.0,21.47,1100.0,21.48,700.0,21.49,1200.0,21.5,11300.0,3018000
21.45,500.0,21.44,900.0,21.39,500.0,21.38,100.0,21.37,200.0,21.46,1400.0,21.47,1100.0,21.48,700.0,21.49,1200.0,21.5,11300.0,3024000
21.45,400.0,21.44,900.0,21.39,500.0,21.38,100.0,21.37,200.0,21.46,1400.0,21.47,1100.0,21.48,700.0,21.49,1200.0,21.5,11300.0,3030000
21.45,400.0,21.44,900.0,21.39,500.0,21.38,100.0,21.37,200.0,21.46,1400.0,21.47,1100.0,21.48,700.0,21.49,1200.0,21.5,11300.0,3033000
21.45,400.0,21.44,900.0,21.39,500.0,21.38,100.0,21.37,200.0,21.46,1500.0,21.47,1100.0,21.48,700.0,21.49,1200.0,21.5,11300.0,3036000
21.45,400.0,21.44,900.0,21.39,500.0,21.38,100.0,21.37,200.0,21.46,1500.0,21.47,1100.0,21.48,700.0,21.49,5000.0,21.5,11300.0,3039000
21.46,1200.0,21.45,400.0,21.44,900.0,21.39,500.0,21.38,100.0,21.47,1100.0,21.48,700.0,21.49,5000.0,21.5,11300.0,21.52,4100.0,3042000
21.46,700.0,21.45,400.0,21.44,900.0,21.39,500.0,21.38,100.0,21.47,1100.0,21.48,700.0,21.49,5000.0,21.5,11800.0,21.52,4100.0,3045000
21.46,700.0,21.45,400.0,21.39,500.0,21.38,100.0,21.37,200.0,21.47,1100.0,21.48,700.0,21.49,5000.0,21.5,11800.0,21.52,4100.0,3048000
21.46,700.0,21.45,400.0,21.39,500.0,21.38,100.0,21.37,200.0,21.47,1100.0,21.48,700.0,21.49,5000.0,21.5,11800.0,21.52,4100.0,3051000
21.46,700.0,21.45,400.0,21.39,500.0,21.38,100.0,21.37,200.0,21.47,900.0,21.48,700.0,21.49,5000.0,21.5,11800.0,21.52,4100.0,3057000
21.46,700.0,21.45,400.0,21.39,500.0,21.38,100.0,21.37,200.0,21.47,800.0,21.48,700.0,21.49,5000.0,21.5,11800.0,21.52,4100.0,3063000
21.45,400.0,21.39,500.0,21.38,100.0,21.37,200.0,21.33,900.0,21.47,800.0,21.48,700.0,21.49,5000.0,21.5,11800.0,21.52,4100.0,3072000
21.45,400.0,21.39,500.0,21.38,100.0,21.37,200.0,21.33,900.0,21.47,800.0,21.48,700.0,21.49,5000.0,21.5,11800.0,21.52,4100.0,3078000
21.45,400.0,21.39,500.0,21.38,100.0,21.37,200.0,21.33,900.0,21.47,800.0,21.48,700.0,21.49,1200.0,21.5,11800.0,21.52,4100.0,3081000
21.45,500.0,21.39,500.0,21.38,100.0,21.37,200.0,21.33,900.0,21.47,800.0,21.48,700.0,21.49,1200.0,21.5,11800.0,21.52,4100.0,3084000
21.41,1000.0,21.4,300.0,21.39,1400.0,21.38,100.0,21.37,200.0,21.48,700.0,21.49,600.0,21.5,11800.0,21.52,4100.0,21.54,1000.0,3087000
21.42,1400.0,21.41,1000.0,21.4,300.0,21.39,1400.0,21.38,100.0,21.46,3800.0,21.48,700.0,21.49,600.0,21.5,11800.0,21.52,4100.0,3090000
21.42,2300.0,21.41,1000.0,21.4,300.0,21.39,1400.0,21.38,100.0,21.46,3800.0,21.48,700.0,21.49,600.0,21.5,11800.0,21.52,4100.0,3093000
21.42,2500.0,21.41,1000.0,21.4,300.0,21.39,1400.0,21.38,100.0,21.46,3800.0,21.48,700.0,21.49,600.0,21.5,11800.0,21.52,4100.0,3099000
21.42,2500.0,21.41,1000.0,21.4,300.0,21.39,1400.0,21.38,100.0,21.45,1400.0,21.46,3800.0,21.48,700.0,21.49,600.0,21.5,11800.0,3102000
21.42,2600.0,21.4,200.0,21.39,800.0,21.38,100.0,21.37,200.0,21.45,2500.0,21.46,3800.0,21.48,700.0,21.49,600.0,21.5,11800.0,3105000
21.43,2600.0,21.42,700.0,21.39,800.0,21.38,100.0,21.37,200.0,21.45,2500.0,21.46,3800.0,21.48,700.0,21.49,600.0,21.5,11800.0,3111000
21.44,1000.0,21.43,2900.0,21.42,700.0,21.39,500.0,21.38,100.0,21.45,200.0,21.46,3800.0,21.48,700.0,21.49,100.0,21.5,11800.0,3129000
21.46,1400.0,21.44,300.0,21.43,2900.0,21.42,700.0,21.39,500.0,21.48,700.0,21.49,100.0,21.5,11800.0,21.52,4100.0,21.54,1000.0,3132000
21.46,1400.0,21.45,1200.0,21.44,300.0,21.43,2900.0,21.42,700.0,21.48,700.0,21.49,100.0,21.5,11800.0,21.52,4100.0,21.54,1000.0,3135000
21.46,1400.0,21.45,900.0,21.44,300.0,21.43,2900.0,21.42,700.0,21.48,700.0,21.49,100.0,21.5,11800.0,21.52,4100.0,21.54,1000.0,3138000
21.46,1400.0,21.45,800.0,21.44,300.0,21.43,2900.0,21.42,700.0,21.48,700.0,21.49,100.0,21.5,11800.0,21.52,4100.0,21.54,1000.0,3141000
21.47,100.0,21.46,1400.0,21.45,800.0,21.44,300.0,21.43,2900.0,21.48,700.0,21.49,100.0,21.5,11800.0,21.52,4100.0,21.54,1000.0,3144000
21.47,100.0,21.45,800.0,21.44,300.0,21.43,2900.0,21.42,700.0,21.48,600.0,21.49,100.0,21.5,11800.0,21.52,4100.0,21.54,1000.0,3147000
21.45,800.0,21.44,300.0,21.43,2900.0,21.42,700.0,21.39,500.0,21.47,2700.0,21.48,600.0,21.49,100.0,21.5,11800.0,21.52,4100.0,3150000
21.45,800.0,21.44,300.0,21.43,2900.0,21.42,700.0,21.39,500.0,21.47,2700.0,21.48,600.0,21.49,100.0,21.5,11800.0,21.52,4100.0,3153000
21.45,400.0,21.44,200.0,21.43,2900.0,21.42,700.0,21.39,500.0,21.47,2700.0,21.48,600.0,21.49,100.0,21.5,11800.0,21.52,4100.0,3156000
21.45,600.0,21.44,200.0,21.43,2900.0,21.42,500.0,21.39,500.0,21.47,2700.0,21.48,600.0,21.49,100.0,21.5,11800.0,21.52,4100.0,3165000
21.46,300.0,21.45,600.0,21.44,1300.0,21.43,2900.0,21.42,300.0,21.47,2700.0,21.48,600.0,21.49,100.0,21.5,11800.0,21.52,4100.0,3171000
21.46,300.0,21.45,600.0,21.44,1300.0,21.43,300.0,21.42,300.0,21.47,2700.0,21.48,600.0,21.49,100.0,21.5,11800.0,21.52,4100.0,3174000
21.45,900.0,21.44,1300.0,21.43,300.0,21.42,300.0,21.39,500.0,21.46,700.0,21.47,2700.0,21.48,600.0,21.49,100.0,21.5,11800.0,3183000
21.45,900.0,21.44,1300.0,21.43,300.0,21.42,300.0,21.39,500.0,21.47,800.0,21.48,600.0,21.49,100.0,21.5,11800.0,21.52,4100.0,3186000
21.48,1400.0,21.47,700.0,21.46,400.0,21.45,700.0,21.44,1300.0,21.49,100.0,21.5,11800.0,21.52,4100.0,21.54,1000.0,21.55,2200.0,3189000
21.49,100.0,21.47,800.0,21.46,400.0,21.45,500.0,21.44,1100.0,21.5,11800.0,21.52,4100.0,21.54,1000.0,21.55,2200.0,21.57,300.0,3192000
21.49,300.0,21.47,700.0,21.46,200.0,21.45,500.0,21.44,1100.0,21.5,11800.0,21.52,4100.0,21.54,3700.0,21.55,2200.0,21.57,300.0,3195000
21.47,1100.0,21.46,200.0,21.45,500.0,21.44,1100.0,21.42,300.0,21.5,11800.0,21.52,4100.0,21.54,3700.0,21.55,2200.0,21.57,300.0,3201000
21.49,100.0,21.47,1100.0,21.46,200.0,21.45,500.0,21.44,1100.0,21.5,11800.0,21.52,4100.0,21.54,3700.0,21.55,2200.0,21.57,300.0,3204000
21.49,100.0,21.47,1100.0,21.46,200.0,21.45,500.0,21.42,300.0,21.5,11800.0,21.52,4100.0,21.54,3700.0,21.55,2200.0,21.57,300.0,3210000
21.49,100.0,21.47,1100.0,21.46,200.0,21.45,1500.0,21.42,300.0,21.5,11800.0,21.52,4100.0,21.54,3700.0,21.55,2200.0,21.57,300.0,3213000
21.49,100.0,21.47,1100.0,21.46,200.0,21.45,1500.0,21.42,300.0,21.5,11800.0,21.52,4100.0,21.54,3700.0,21.55,2200.0,21.57,400.0,3216000
21.49,1200.0,21.47,1100.0,21.46,200.0,21.45,1500.0,21.42,300.0,21.5,11800.0,21.52,4100.0,21.54,3700.0,21.55,2200.0,21.57,400.0,3222000
21.49,200.0,21.47,1100.0,21.46,200.0,21.45,1500.0,21.42,300.0,21.5,11800.0,21.52,4100.0,21.54,3700.0,21.55,2200.0,21.57,400.0,3231000
21.49,200.0,21.47,1000.0,21.46,200.0,21.45,1500.0,21.42,300.0,21.5,11800.0,21.52,4100.0,21.54,3700.0,21.55,2200.0,21.57,400.0,3237000
21.47,800.0,21.46,200.0,21.45,1500.0,21.42,300.0,21.39,500.0,21.49,1300.0,21.5,11800.0,21.52,4100.0,21.54,3700.0,21.55,2200.0,3240000
21.47,800.0,21.46,200.0,21.45,1500.0,21.42,300.0,21.39,500.0,21.49,1200.0,21.5,11800.0,21.52,4100.0,21.54,3700.0,21.55,2200.0,3243000
21.47,1300.0,21.46,200.0,21.45,1500.0,21.42,300.0,21.39,500.0,21.49,1200.0,21.5,11800.0,21.52,4100.0,21.54,3700.0,21.55,2200.0,3246000
21.48,2300.0,21.47,1300.0,21.46,200.0,21.45,1500.0,21.42,300.0,21.49,1200.0,21.5,11800.0,21.52,4100.0,21.54,3700.0,21.55,2200.0,3252000
21.48,2300.0,21.47,1300.0,21.46,200.0,21.45,1500.0,21.42,300.0,21.49,1200.0,21.5,11800.0,21.52,4100.0,21.54,3700.0,21.55,2200.0,3255000
21.48,2300.0,21.47,1200.0,21.46,200.0,21.45,1500.0,21.42,300.0,21.49,1100.0,21.5,11800.0,21.52,4100.0,21.54,3700.0,21.55,2200.0,3258000
21.48,2400.0,21.47,1200.0,21.46,200.0,21.45,1500.0,21.42,300.0,21.49,1100.0,21.5,11800.0,21.52,4100.0,21.54,3700.0,21.55,2200.0,3264000
21.48,2400.0,21.47,1200.0,21.46,200.0,21.45,500.0,21.42,300.0,21.49,2100.0,21.5,11800.0,21.52,4100.0,21.54,3700.0,21.55,2200.0,3267000
21.48,2400.0,21.47,1200.0,21.46,200.0,21.45,500.0,21.42,300.0,21.49,1200.0,21.5,11800.0,21.52,4100.0,21.54,3700.0,21.55,2200.0,3279000
21.48,2500.0,21.47,1200.0,21.46,200.0,21.45,500.0,21.42,200.0,21.49,1200.0,21.5,11800.0,21.52,4100.0,21.54,3700.0,21.55,2200.0,3285000
21.48,2500.0,21.47,1200.0,21.46,200.0,21.45,500.0,21.42,200.0,21.49,1000.0,21.5,11100.0,21.52,4100.0,21.54,3700.0,21.55,2200.0,3291000
21.48,2500.0,21.47,1200.0,21.46,1200.0,21.45,500.0,21.42,200.0,21.49,1000.0,21.5,11100.0,21.52,4100.0,21.54,3700.0,21.55,2200.0,3294000
21.48,2500.0,21.47,1200.0,21.46,1200.0,21.45,500.0,21.42,200.0,21.49,1000.0,21.5,7300.0,21.52,4100.0,21.54,3700.0,21.55,2200.0,3318000
21.47,800.0,21.46,1200.0,21.45,500.0,21.42,200.0,21.39,500.0,21.49,5200.0,21.5,7300.0,21.52,4100.0,21.54,3700.0,21.55,2200.0,3324000
21.47,900.0,21.46,1200.0,21.45,500.0,21.42,200.0,21.39,500.0,21.49,5200.0,21.5,7300.0,21.52,4100.0,21.54,3700.0,21.55,2200.0,3336000
21.47,900.0,21.46,1100.0,21.45,500.0,21.42,200.0,21.39,500.0,21.48,2000.0,21.49,5200.0,21.5,7300.0,21.52,4100.0,21.54,3700.0,3339000
21.47,900.0,21.46,1100.0,21.45,500.0,21.42,200.0,21.39,500.0,21.48,2500.0,21.49,5200.0,21.5,7300.0,21.52,4100.0,21.54,3700.0,3342000
21.47,900.0,21.46,1100.0,21.45,500.0,21.42,200.0,21.39,500.0,21.48,2500.0,21.49,4800.0,21.5,4800.0,21.52,4100.0,21.54,3700.0,3345000
21.47,500.0,21.46,1100.0,21.45,500.0,21.42,200.0,21.39,500.0,21.48,2500.0,21.49,4800.0,21.5,4800.0,21.52,4100.0,21.54,3700.0,3348000
21.47,500.0,21.46,1100.0,21.45,500.0,21.42,200.0,21.39,500.0,21.48,5700.0,21.49,4800.0,21.5,4800.0,21.52,4100.0,21.54,3700.0,3351000
21.46,1100.0,21.45,500.0,21.42,200.0,21.39,500.0,21.38,100.0,21.47,300.0,21.48,5700.0,21.49,4800.0,21.5,4800.0,21.52,4100.0,3354000
21.46,1100.0,21.45,500.0,21.39,500.0,21.38,100.0,21.37,200.0,21.47,400.0,21.48,5700.0,21.49,4800.0,21.5,4800.0,21.52,4100.0,3357000
21.46,1100.0,21.45,500.0,21.39,500.0,21.38,100.0,21.37,200.0,21.47,400.0,21.48,5700.0,21.49,4800.0,21.5,4800.0,21.52,4100.0,3366000
21.46,1100.0,21.45,500.0,21.39,500.0,21.38,100.0,21.37,200.0,21.47,100.0,21.48,5700.0,21.49,4800.0,21.5,4800.0,21.52,4100.0,3372000
21.46,1300.0,21.45,500.0,21.39,500.0,21.38,100.0,21.37,200.0,21.47,100.0,21.48,5700.0,21.49,4800.0,21.5,4800.0,21.52,4100.0,3384000
21.46,1300.0,21.45,500.0,21.39,500.0,21.38,100.0,21.37,200.0,21.47,100.0,21.48,5700.0,21.49,4800.0,21.5,4800.0,21.52,4100.0,3387000
21.46,1300.0,21.45,500.0,21.39,500.0,21.38,100.0,21.37,200.0,21.47,100.0,21.48,7200.0,21.49,4800.0,21.5,4800.0,21.52,4100.0,3396000
21.46,1300.0,21.45,500.0,21.39,500.0,21.38,100.0,21.37,200.0,21.47,100.0,21.48,7200.0,21.49,4800.0,21.5,2700.0,21.52,4100.0,3399000
21.46,1300.0,21.45,500.0,21.39,500.0,21.38,100.0,21.37,200.0,21.48,7200.0,21.49,4800.0,21.5,2000.0,21.52,4100.0,21.54,3700.0,3405000
21.46,1300.0,21.45,500.0,21.39,500.0,21.38,100.0,21.37,200.0,21.47,100.0,21.48,7200.0,21.49,4800.0,21.5,2000.0,21.52,4100.0,3414000
21.46,1300.0,21.45,500.0,21.39,500.0,21.38,100.0,21.37,200.0,21.47,100.0,21.48,8100.0,21.49,4800.0,21.5,2000.0,21.52,4100.0,3423000
21.46,700.0,21.45,500.0,21.39,500.0,21.38,100.0,21.37,200.0,21.47,100.0,21.48,8100.0,21.49,4800.0,21.5,2000.0,21.52,4100.0,3426000
21.46,700.0,21.45,500.0,21.39,500.0,21.38,100.0,21.37,200.0,21.47,2200.0,21.48,8100.0,21.49,4800.0,21.5,2000.0,21.52,4100.0,3429000
21.45,500.0,21.39,500.0,21.38,100.0,21.37,200.0,21.33,900.0,21.47,2200.0,21.48,6600.0,21.49,4800.0,21.5,2000.0,21.52,4100.0,3444000
21.45,300.0,21.39,500.0,21.38,100.0,21.37,200.0,21.33,900.0,21.46,200.0,21.47,2200.0,21.48,6600.0,21.49,4800.0,21.5,2000.0,3447000
21.45,300.0,21.39,500.0,21.38,100.0,21.37,200.0,21.33,900.0,21.46,200.0,21.47,2200.0,21.48,4100.0,21.49,4800.0,21.5,2000.0,3477000
21.42,1500.0,21.41,100.0,21.4,1700.0,21.39,1100.0,21.38,100.0,21.45,2300.0,21.46,200.0,21.47,2200.0,21.48,4100.0,21.49,4800.0,3483000
21.44,1400.0,21.43,1400.0,21.41,100.0,21.4,1100.0,21.39,1100.0,21.45,1800.0,21.47,2200.0,21.48,4100.0,21.49,4800.0,21.5,2000.0,3486000
21.46,700.0,21.45,1200.0,21.41,100.0,21.4,1100.0,21.39,1100.0,21.47,2200.0,21.48,4100.0,21.49,4800.0,21.5,2000.0,21.52,4100.0,3489000
21.46,700.0,21.45,1600.0,21.44,100.0,21.41,100.0,21.4,1100.0,21.47,2200.0,21.48,4100.0,21.49,4800.0,21.5,2000.0,21.52,4100.0,3492000
21.46,1400.0,21.45,800.0,21.41,100.0,21.4,1100.0,21.39,500.0,21.47,2200.0,21.48,4100.0,21.49,4800.0,21.5,2000.0,21.52,4100.0,3495000
21.46,700.0,21.45,800.0,21.4,1100.0,21.39,500.0,21.38,100.0,21.47,2200.0,21.48,4100.0,21.49,1000.0,21.5,2000.0,21.52,4100.0,3498000
21.46,100.0,21.45,800.0,21.4,300.0,21.39,500.0,21.38,100.0,21.47,2200.0,21.48,4100.0,21.49,1000.0,21.5,2000.0,21.52,4100.0,3501000
21.46,200.0,21.45,800.0,21.4,300.0,21.39,500.0,21.38,100.0,21.47,2200.0,21.48,4100.0,21.49,1000.0,21.5,2000.0,21.52,4100.0,3504000
21.43,1100.0,21.42,100.0,21.41,200.0,21.4,900.0,21.39,500.0,21.45,1000.0,21.47,2200.0,21.48,4100.0,21.49,1000.0,21.5,2000.0,3558000
21.44,1000.0,21.43,1100.0,21.42,100.0,21.41,200.0,21.4,900.0,21.47,2200.0,21.48,4100.0,21.49,1000.0,21.5,2000.0,21.52,4100.0,3561000
21.46,600.0,21.45,300.0,21.43,1300.0,21.42,100.0,21.41,200.0,21.47,1700.0,21.48,4100.0,21.49,1000.0,21.5,2000.0,21.52,4100.0,3564000
21.46,600.0,21.43,1300.0,21.42,100.0,21.41,200.0,21.4,300.0,21.47,1700.0,21.48,4100.0,21.49,1000.0,21.5,2000.0,21.52,4100.0,3570000
21.46,600.0,21.43,1300.0,21.41,200.0,21.4,300.0,21.39,500.0,21.47,1700.0,21.48,4100.0,21.49,1000.0,21.5,2000.0,21.52,4100.0,3573000
21.46,600.0,21.43,1300.0,21.41,200.0,21.4,300.0,21.39,500.0,21.47,1700.0,21.48,4100.0,21.49,1000.0,21.5,1500.0,21.52,4100.0,3582000
21.46,600.0,21.43,1300.0,21.41,200.0,21.4,300.0,21.39,500.0,21.47,1700.0,21.48,4100.0,21.49,1000.0,21.5,2500.0,21.52,4100.0,3591000
21.46,600.0,21.43,2600.0,21.41,200.0,21.4,300.0,21.39,500.0,21.47,1700.0,21.48,4600.0,21.49,1000.0,21.5,2500.0,21.52,4100.0,3594000
21.46,600.0,21.43,2600.0,21.41,200.0,21.4,300.0,21.39,500.0,21.47,1500.0,21.48,4600.0,21.49,1000.0,21.5,2500.0,21.52,4100.0,3597000
21.46,600.0,21.43,2600.0,21.41,200.0,21.4,300.0,21.39,500.0,21.47,1500.0,21.48,4600.0,21.49,1000.0,21.5,2500.0,21.52,4100.0,3600000
21.46,1000.0,21.43,2600.0,21.41,200.0,21.4,300.0,21.39,500.0,21.47,900.0,21.48,4600.0,21.49,1000.0,21.5,2500.0,21.52,4100.0,3603000
21.46,1100.0,21.43,2600.0,21.41,200.0,21.4,300.0,21.39,500.0,21.47,900.0,21.48,5200.0,21.49,1000.0,21.5,2500.0,21.52,4100.0,3606000
21.46,1100.0,21.43,2600.0,21.41,200.0,21.4,300.0,21.39,500.0,21.47,800.0,21.48,5200.0,21.49,1000.0,21.5,2500.0,21.52,4100.0,3609000
21.46,1300.0,21.43,1300.0,21.41,200.0,21.4,300.0,21.39,500.0,21.47,800.0,21.48,5200.0,21.49,1000.0,21.5,2500.0,21.52,4100.0,3624000
21.46,800.0,21.43,1300.0,21.41,200.0,21.4,300.0,21.39,500.0,21.47,1300.0,21.48,5200.0,21.49,1000.0,21.5,2500.0,21.52,4100.0,3639000
21.44,600.0,21.43,200.0,21.41,200.0,21.4,300.0,21.39,500.0,21.47,1300.0,21.48,5200.0,21.49,1000.0,21.5,2500.0,21.52,4100.0,3645000
21.44,600.0,21.43,200.0,21.41,200.0,21.4,300.0,21.39,500.0,21.47,1400.0,21.48,5200.0,21.49,1000.0,21.5,2500.0,21.52,4100.0,3648000
21.43,200.0,21.41,200.0,21.4,300.0,21.39,500.0,21.38,100.0,21.47,1400.0,21.48,5200.0,21.49,1000.0,21.5,2500.0,21.52,4100.0,3651000
21.45,100.0,21.43,200.0,21.41,200.0,21.4,300.0,21.39,500.0,21.47,1400.0,21.48,5200.0,21.49,1000.0,21.5,2500.0,21.52,4100.0,3654000
21.43,200.0,21.41,200.0,21.4,300.0,21.39,500.0,21.38,100.0,21.45,500.0,21.47,1700.0,21.48,5200.0,21.49,1000.0,21.5,2500.0,3660000
21.4,300.0,21.39,500.0,21.38,100.0,21.37,200.0,21.33,900.0,21.45,800.0,21.47,1700.0,21.48,5200.0,21.49,1000.0,21.5,2500.0,3666000
21.41,1200.0,21.4,300.0,21.39,500.0,21.38,100.0,21.37,200.0,21.45,800.0,21.47,1700.0,21.48,5200.0,21.49,1000.0,21.5,2500.0,3672000
21.41,1200.0,21.4,300.0,21.39,500.0,21.38,100.0,21.37,200.0,21.45,300.0,21.47,1700.0,21.48,5200.0,21.49,1000.0,21.5,2500.0,3675000
21.41,700.0,21.4,300.0,21.39,500.0,21.38,100.0,21.37,200.0,21.45,300.0,21.47,1700.0,21.48,5200.0,21.49,1000.0,21.5,2500.0,3678000
21.41,300.0,21.4,300.0,21.39,500.0,21.38,100.0,21.37,200.0,21.46,1200.0,21.47,2200.0,21.48,5200.0,21.49,1000.0,21.5,2500.0,3693000
21.41,300.0,21.4,300.0,21.39,500.0,21.38,100.0,21.37,200.0,21.46,1200.0,21.47,3200.0,21.48,5200.0,21.49,1000.0,21.5,2500.0,3699000
21.42,500.0,21.41,1600.0,21.4,300.0,21.39,500.0,21.38,100.0,21.46,1200.0,21.47,3200.0,21.48,5200.0,21.49,1000.0,21.5,2500.0,3711000
21.42,500.0,21.41,1500.0,21.4,300.0,21.39,500.0,21.38,100.0,21.46,1200.0,21.47,3200.0,21.48,5200.0,21.49,1000.0,21.5,2500.0,3717000
21.43,600.0,21.42,500.0,21.41,1500.0,21.4,300.0,21.39,500.0,21.46,1400.0,21.47,3200.0,21.48,5200.0,21.49,1000.0,21.5,2500.0,3720000
21.43,600.0,21.42,100.0,21.41,1500.0,21.4,300.0,21.39,500.0,21.46,1400.0,21.47,3200.0,21.48,5200.0,21.49,1000.0,21.5,2500.0,3726000
21.43,600.0,21.42,100.0,21.41,1500.0,21.4,300.0,21.39,500.0,21.46,1400.0,21.47,3200.0,21.48,5200.0,21.49,1000.0,21.5,2500.0,3738000
21.43,600.0,21.42,100.0,21.41,1500.0,21.4,300.0,21.39,500.0,21.46,1200.0,21.47,2700.0,21.48,5200.0,21.49,1000.0,21.5,2500.0,3756000
21.43,600.0,21.42,5100.0,21.41,1500.0,21.4,300.0,21.39,500.0,21.46,1200.0,21.47,2700.0,21.48,5200.0,21.49,1000.0,21.5,2500.0,3789000
21.43,600.0,21.42,5100.0,21.41,1500.0,21.4,300.0,21.39,500.0,21.46,1200.0,21.47,2700.0,21.48,5200.0,21.49,1000.0,21.5,2600.0,3792000
21.44,100.0,21.42,5100.0,21.41,1500.0,21.4,300.0,21.39,500.0,21.46,1200.0,21.47,2700.0,21.48,5200.0,21.49,1000.0,21.5,2600.0,3804000
21.44,100.0,21.42,5100.0,21.41,200.0,21.4,300.0,21.39,500.0,21.46,1200.0,21.47,2700.0,21.48,5200.0,21.49,1000.0,21.5,2600.0,3807000
21.42,5100.0,21.41,200.0,21.4,300.0,21.39,500.0,21.38,100.0,21.46,1200.0,21.47,2700.0,21.48,5200.0,21.49,1000.0,21.5,2600.0,3825000
21.42,4800.0,21.41,200.0,21.4,300.0,21.39,500.0,21.38,100.0,21.46,2000.0,21.47,2700.0,21.48,5200.0,21.49,1000.0,21.5,2600.0,3828000
21.42,4100.0,21.41,200.0,21.4,300.0,21.39,500.0,21.38,100.0,21.46,2000.0,21.47,2700.0,21.48,5200.0,21.49,1000.0,21.5,2600.0,3831000
21.42,4100.0,21.41,200.0,21.4,300.0,21.39,500.0,21.38,100.0,21.46,2000.0,21.47,2700.0,21.48,6200.0,21.49,1000.0,21.5,2600.0,3840000
21.42,4000.0,21.41,200.0,21.4,300.0,21.39,500.0,21.38,100.0,21.45,400.0,21.46,2000.0,21.47,2400.0,21.48,6200.0,21.49,1000.0,3846000
21.43,100.0,21.42,5300.0,21.41,200.0,21.4,300.0,21.39,500.0,21.45,400.0,21.46,2000.0,21.47,2400.0,21.48,6200.0,21.49,1000.0,3864000
21.42,5300.0,21.41,200.0,21.4,300.0,21.39,500.0,21.38,100.0,21.43,300.0,21.45,400.0,21.46,1000.0,21.47,2400.0,21.48,6200.0,3873000
21.43,1700.0,21.42,5300.0,21.41,200.0,21.4,300.0,21.39,500.0,21.44,400.0,21.45,400.0,21.46,1000.0,21.47,2300.0,21.48,6200.0,3927000
21.43,1700.0,21.42,5300.0,21.41,200.0,21.4,300.0,21.39,500.0,21.44,300.0,21.45,400.0,21.46,1000.0,21.47,2300.0,21.48,6200.0,3933000
21.43,1700.0,21.42,5300.0,21.41,200.0,21.4,300.0,21.39,500.0,21.44,300.0,21.45,400.0,21.46,1000.0,21.47,2300.0,21.48,6200.0,3963000
21.43,1300.0,21.42,5300.0,21.41,200.0,21.4,300.0,21.39,500.0,21.44,300.0,21.45,400.0,21.46,1000.0,21.47,2300.0,21.48,6200.0,3984000
21.42,5300.0,21.41,200.0,21.4,300.0,21.39,500.0,21.38,100.0,21.43,1800.0,21.44,300.0,21.45,400.0,21.46,800.0,21.47,2300.0,3999000
21.42,4900.0,21.4,300.0,21.39,500.0,21.38,100.0,21.37,200.0,21.43,1800.0,21.44,300.0,21.45,400.0,21.46,800.0,21.47,2300.0,4017000
21.42,4900.0,21.4,300.0,21.39,500.0,21.38,100.0,21.37,200.0,21.43,1800.0,21.44,300.0,21.45,400.0,21.46,800.0,21.47,2300.0,4023000
21.42,4900.0,21.4,300.0,21.39,500.0,21.38,100.0,21.37,200.0,21.43,2800.0,21.44,300.0,21.45,400.0,21.46,800.0,21.47,2300.0,4026000
21.42,4900.0,21.4,300.0,21.39,500.0,21.38,100.0,21.37,200.0,21.43,1300.0,21.44,300.0,21.45,400.0,21.46,800.0,21.47,2300.0,4041000
21.42,5000.0,21.4,300.0,21.39,500.0,21.38,100.0,21.37,200.0,21.43,1300.0,21.44,300.0,21.45,400.0,21.46,800.0,21.47,2300.0,4044000
21.42,4500.0,21.4,300.0,21.39,500.0,21.38,100.0,21.37,200.0,21.43,1300.0,21.44,300.0,21.45,400.0,21.46,800.0,21.47,2300.0,4047000
21.42,4500.0,21.4,300.0,21.39,500.0,21.38,100.0,21.37,200.0,21.43,1300.0,21.44,300.0,21.45,400.0,21.46,800.0,21.47,2300.0,4062000
21.42,4500.0,21.4,300.0,21.39,500.0,21.38,100.0,21.37,200.0,21.43,1300.0,21.44,300.0,21.45,400.0,21.46,800.0,21.47,1300.0,4068000
21.42,1800.0,21.4,300.0,21.39,500.0,21.38,100.0,21.37,200.0,21.43,1000.0,21.45,100.0,21.46,800.0,21.47,1300.0,21.48,5200.0,4080000
21.42,700.0,21.4,300.0,21.39,500.0,21.38,100.0,21.37,200.0,21.43,1000.0,21.45,500.0,21.46,800.0,21.47,1300.0,21.48,5200.0,4083000
21.42,200.0,21.4,300.0,21.39,500.0,21.38,100.0,21.37,200.0,21.43,1000.0,21.45,500.0,21.46,800.0,21.47,1300.0,21.48,5200.0,4086000
21.42,300.0,21.4,300.0,21.39,500.0,21.38,100.0,21.37,200.0,21.43,1000.0,21.45,500.0,21.46,800.0,21.47,1300.0,21.48,5200.0,4104000
21.42,300.0,21.4,300.0,21.39,500.0,21.38,100.0,21.37,200.0,21.43,1000.0,21.45,500.0,21.46,800.0,21.47,2300.0,21.48,5200.0,4107000
21.42,300.0,21.4,300.0,21.39,500.0,21.38,100.0,21.37,200.0,21.43,900.0,21.45,500.0,21.46,800.0,21.47,2300.0,21.48,5200.0,4113000
21.42,300.0,21.4,300.0,21.39,500.0,21.38,100.0,21.37,200.0,21.43,900.0,21.45,500.0,21.46,800.0,21.47,2300.0,21.48,5500.0,4119000
21.42,300.0,21.4,300.0,21.39,500.0,21.38,100.0,21.37,200.0,21.43,900.0,21.45,500.0,21.46,1800.0,21.47,2300.0,21.48,5500.0,4125000
21.42,300.0,21.4,300.0,21.39,500.0,21.38,100.0,21.37,200.0,21.43,700.0,21.45,500.0,21.46,1800.0,21.47,2300.0,21.48,5500.0,4131000
21.4,500.0,21.39,500.0,21.38,100.0,21.37,200.0,21.33,900.0,21.42,2200.0,21.43,200.0,21.45,500.0,21.46,1800.0,21.47,2300.0,4149000
21.41,100.0,21.4,500.0,21.39,500.0,21.38,100.0,21.37,200.0,21.42,2200.0,21.43,200.0,21.45,500.0,21.46,1800.0,21.47,2300.0,4164000
21.41,100.0,21.4,500.0,21.39,500.0,21.38,100.0,21.37,200.0,21.42,1700.0,21.43,200.0,21.45,500.0,21.46,1800.0,21.47,2300.0,4185000
21.41,200.0,21.4,500.0,21.39,500.0,21.38,100.0,21.37,200.0,21.42,1700.0,21.43,200.0,21.45,500.0,21.46,1800.0,21.47,2300.0,4191000
21.41,200.0,21.4,500.0,21.39,500.0,21.38,100.0,21.37,200.0,21.42,1700.0,21.43,200.0,21.45,500.0,21.46,1800.0,21.47,2300.0,4194000
21.41,200.0,21.4,500.0,21.39,500.0,21.38,100.0,21.37,200.0,21.42,1700.0,21.43,200.0,21.45,500.0,21.46,1800.0,21.47,2300.0,4200000
21.41,200.0,21.4,500.0,21.39,500.0,21.38,100.0,21.37,200.0,21.42,1700.0,21.43,200.0,21.45,500.0,21.46,1800.0,21.47,2300.0,4203000
21.41,200.0,21.4,500.0,21.39,500.0,21.38,100.0,21.37,200.0,21.42,2100.0,21.43,200.0,21.45,500.0,21.46,1800.0,21.47,2300.0,4206000
21.41,200.0,21.4,500.0,21.39,500.0,21.38,100.0,21.37,200.0,21.42,2100.0,21.43,200.0,21.45,400.0,21.46,1800.0,21.47,2300.0,4209000
21.41,300.0,21.4,500.0,21.39,500.0,21.38,100.0,21.37,200.0,21.42,2100.0,21.43,200.0,21.45,400.0,21.46,1800.0,21.47,2300.0,4224000
21.41,300.0,21.4,200.0,21.39,500.0,21.38,100.0,21.37,200.0,21.42,1600.0,21.43,200.0,21.45,400.0,21.46,1800.0,21.47,2300.0,4239000
21.41,300.0,21.4,200.0,21.39,500.0,21.38,100.0,21.37,200.0,21.42,1200.0,21.43,200.0,21.45,400.0,21.46,1800.0,21.47,2300.0,4242000
21.42,300.0,21.41,1000.0,21.4,200.0,21.39,500.0,21.38,100.0,21.43,200.0,21.45,400.0,21.46,800.0,21.47,2300.0,21.48,4600.0,4245000
21.43,600.0,21.42,400.0,21.41,1000.0,21.4,200.0,21.39,500.0,21.45,400.0,21.46,800.0,21.47,2300.0,21.48,4600.0,21.49,1000.0,4248000
21.43,700.0,21.42,400.0,21.41,900.0,21.4,200.0,21.39,500.0,21.45,400.0,21.46,800.0,21.47,2300.0,21.48,4600.0,21.49,1000.0,4251000
21.43,700.0,21.42,400.0,21.41,900.0,21.4,200.0,21.39,500.0,21.45,400.0,21.46,800.0,21.47,2300.0,21.48,3600.0,21.49,1000.0,4263000
21.43,700.0,21.42,400.0,21.41,900.0,21.4,200.0,21.39,500.0,21.45,400.0,21.46,1800.0,21.47,2300.0,21.48,3600.0,21.49,1000.0,4266000
21.43,700.0,21.42,400.0,21.41,900.0,21.4,200.0,21.39,500.0,21.45,1500.0,21.46,1800.0,21.47,2300.0,21.48,3600.0,21.49,1000.0,4269000
21.43,700.0,21.42,400.0,21.41,900.0,21.4,200.0,21.39,500.0,21.45,1100.0,21.46,1800.0,21.47,2300.0,21.48,3600.0,21.49,1000.0,4272000
21.43,700.0,21.42,400.0,21.41,900.0,21.4,200.0,21.39,500.0,21.45,1100.0,21.46,1800.0,21.47,2300.0,21.48,3600.0,21.49,1000.0,4281000
21.44,700.0,21.43,100.0,21.42,200.0,21.41,900.0,21.4,200.0,21.45,300.0,21.46,1800.0,21.47,2300.0,21.48,3600.0,21.49,1000.0,4287000
21.44,700.0,21.42,200.0,21.41,900.0,21.4,200.0,21.39,500.0,21.46,1800.0,21.47,2300.0,21.48,3600.0,21.49,1000.0,21.5,2600.0,4293000
21.45,600.0,21.44,700.0,21.42,200.0,21.41,900.0,21.4,200.0,21.46,800.0,21.47,2300.0,21.48,3600.0,21.49,1000.0,21.5,2600.0,4308000
21.46,900.0,21.45,500.0,21.44,1700.0,21.42,200.0,21.41,900.0,21.47,1900.0,21.48,3600.0,21.49,1000.0,21.5,2600.0,21.52,3300.0,4314000
21.46,500.0,21.45,500.0,21.44,1700.0,21.42,200.0,21.41,900.0,21.47,1800.0,21.48,3600.0,21.49,1000.0,21.5,2600.0,21.52,3300.0,4320000
21.44,1500.0,21.42,200.0,21.41,900.0,21.39,500.0,21.38,100.0,21.47,1800.0,21.48,3600.0,21.49,1000.0,21.5,2600.0,21.52,3300.0,4326000
21.44,1500.0,21.42,200.0,21.41,900.0,21.39,500.0,21.38,100.0,21.47,1800.0,21.48,3600.0,21.49,1000.0,21.5,2600.0,21.52,3300.0,4335000
21.45,800.0,21.44,1500.0,21.42,200.0,21.41,900.0,21.39,500.0,21.47,1800.0,21.48,3600.0,21.49,1000.0,21.5,2600.0,21.52,3300.0,4341000
21.45,600.0,21.44,1500.0,21.42,200.0,21.41,300.0,21.39,500.0,21.47,1800.0,21.48,4600.0,21.49,1000.0,21.5,2600.0,21.52,3300.0,4371000
21.45,600.0,21.44,1500.0,21.42,200.0,21.41,300.0,21.39,500.0,21.47,1800.0,21.48,4600.0,21.49,1000.0,21.5,2600.0,21.52,3300.0,4374000
21.45,600.0,21.44,1500.0,21.42,200.0,21.41,300.0,21.39,500.0,21.46,1000.0,21.47,1800.0,21.48,4600.0,21.49,1000.0,21.5,2600.0,4383000
21.44,1000.0,21.42,200.0,21.41,300.0,21.39,500.0,21.38,100.0,21.46,1000.0,21.47,1800.0,21.48,4600.0,21.49,1000.0,21.5,2600.0,4389000
21.44,1000.0,21.42,200.0,21.41,300.0,21.39,500.0,21.38,100.0,21.46,1600.0,21.47,1800.0,21.48,4600.0,21.49,1000.0,21.5,2600.0,4392000
21.44,1000.0,21.42,200.0,21.41,300.0,21.39,500.0,21.38,100.0,21.46,1600.0,21.47,2800.0,21.48,4600.0,21.49,1000.0,21.5,2600.0,4428000
21.44,1000.0,21.42,200.0,21.41,300.0,21.39,500.0,21.38,100.0,21.46,1600.0,21.47,2800.0,21.48,4600.0,21.49,1000.0,21.5,3000.0,4434000
21.44,1000.0,21.42,200.0,21.41,300.0,21.39,500.0,21.38,100.0,21.46,1600.0,21.47,2800.0,21.48,4600.0,21.49,1000.0,21.5,3000.0,4464000
21.44,1000.0,21.42,200.0,21.41,300.0,21.39,500.0,21.38,100.0,21.46,1500.0,21.47,2800.0,21.48,4600.0,21.49,1000.0,21.5,3000.0,4467000
21.44,500.0,21.42,200.0,21.41,300.0,21.39,500.0,21.38,100.0,21.46,1500.0,21.47,2800.0,21.48,4600.0,21.49,1000.0,21.5,3000.0,4506000
21.44,500.0,21.42,200.0,21.41,300.0,21.39,500.0,21.38,100.0,21.45,600.0,21.46,1500.0,21.47,2800.0,21.48,4600.0,21.49,1000.0,4518000
21.44,500.0,21.42,200.0,21.41,300.0,21.39,500.0,21.38,100.0,21.45,600.0,21.46,1500.0,21.47,2800.0,21.48,4600.0,21.49,1000.0,4524000
21.44,500.0,21.42,200.0,21.41,300.0,21.39,500.0,21.38,100.0,21.45,1300.0,21.46,1500.0,21.47,2800.0,21.48,4600.0,21.49,1000.0,4527000
21.44,500.0,21.42,200.0,21.41,300.0,21.39,500.0,21.38,100.0,21.45,1300.0,21.46,1500.0,21.47,2800.0,21.48,4600.0,21.49,1000.0,4539000
21.44,500.0,21.42,200.0,21.41,300.0,21.39,500.0,21.38,100.0,21.45,900.0,21.46,1500.0,21.47,2800.0,21.48,4600.0,21.49,1000.0,4545000
21.44,500.0,21.42,200.0,21.41,300.0,21.39,500.0,21.38,100.0,21.45,900.0,21.46,2000.0,21.47,2800.0,21.48,4600.0,21.49,1000.0,4560000
21.44,500.0,21.42,200.0,21.41,300.0,21.39,500.0,21.38,100.0,21.45,900.0,21.46,2000.0,21.47,2800.0,21.48,4600.0,21.49,1000.0,4569000
21.44,400.0,21.42,200.0,21.41,300.0,21.39,500.0,21.38,100.0,21.45,900.0,21.46,2000.0,21.47,1800.0,21.48,4600.0,21.49,1000.0,4578000
21.44,400.0,21.42,200.0,21.41,100.0,21.39,400.0,21.33,900.0,21.45,900.0,21.46,2000.0,21.47,1800.0,21.48,4600.0,21.49,1000.0,4584000
21.44,400.0,21.42,200.0,21.41,100.0,21.39,400.0,21.33,900.0,21.45,600.0,21.46,2000.0,21.47,1800.0,21.48,4600.0,21.49,1000.0,4587000
21.44,400.0,21.42,200.0,21.41,100.0,21.39,400.0,21.33,900.0,21.45,400.0,21.46,2000.0,21.47,1800.0,21.48,4600.0,21.49,1000.0,4596000
21.44,400.0,21.42,200.0,21.41,100.0,21.39,400.0,21.33,900.0,21.45,1400.0,21.46,2000.0,21.47,1800.0,21.48,4600.0,21.49,1000.0,4599000
21.44,400.0,21.42,200.0,21.41,100.0,21.39,400.0,21.33,900.0,21.45,1400.0,21.46,2000.0,21.47,1800.0,21.48,4600.0,21.49,1000.0,4605000
21.45,3700.0,21.44,400.0,21.42,200.0,21.41,100.0,21.39,400.0,21.46,2000.0,21.47,1800.0,21.48,4600.0,21.49,1000.0,21.5,3000.0,4611000
21.45,3700.0,21.44,400.0,21.42,100.0,21.41,100.0,21.39,400.0,21.46,1900.0,21.47,1800.0,21.48,4600.0,21.49,1000.0,21.5,3000.0,4626000
21.45,100.0,21.44,400.0,21.42,100.0,21.41,100.0,21.39,400.0,21.46,1900.0,21.47,1800.0,21.48,4600.0,21.49,1000.0,21.5,3000.0,4632000
21.44,400.0,21.42,100.0,21.41,100.0,21.39,400.0,21.33,900.0,21.46,1900.0,21.47,1800.0,21.48,4600.0,21.49,1000.0,21.5,3000.0,4644000
21.46,3000.0,21.45,600.0,21.44,400.0,21.42,100.0,21.41,100.0,21.47,1800.0,21.48,4600.0,21.49,1000.0,21.5,3000.0,21.52,3300.0,4710000
21.46,3000.0,21.44,400.0,21.42,100.0,21.41,100.0,21.39,400.0,21.47,1800.0,21.48,4600.0,21.49,1000.0,21.5,3000.0,21.52,3300.0,4716000
21.44,400.0,21.42,100.0,21.41,100.0,21.39,400.0,21.33,900.0,21.47,1800.0,21.48,4600.0,21.49,1000.0,21.5,3000.0,21.52,3300.0,4725000
21.47,3300.0,21.44,400.0,21.42,100.0,21.41,100.0,21.39,400.0,21.48,4600.0,21.49,1000.0,21.5,3000.0,21.52,3300.0,21.54,3700.0,4734000
21.47,3300.0,21.44,400.0,21.42,100.0,21.41,100.0,21.39,400.0,21.48,3600.0,21.49,1000.0,21.5,3000.0,21.52,3300.0,21.54,3700.0,4758000
21.47,3300.0,21.44,400.0,21.42,100.0,21.41,100.0,21.39,400.0,21.48,3600.0,21.49,1000.0,21.5,3000.0,21.52,3300.0,21.54,3700.0,4767000
21.47,3300.0,21.44,400.0,21.42,100.0,21.41,100.0,21.39,400.0,21.48,3600.0,21.49,1000.0,21.5,3000.0,21.52,3300.0,21.54,3700.0,4773000
21.44,400.0,21.42,100.0,21.41,100.0,21.39,400.0,21.33,900.0,21.48,3600.0,21.49,1000.0,21.5,3000.0,21.52,3300.0,21.54,3700.0,4785000
21.45,1500.0,21.44,800.0,21.42,100.0,21.41,100.0,21.39,400.0,21.48,300.0,21.49,1000.0,21.5,3000.0,21.52,3300.0,21.54,3700.0,4797000
21.48,300.0,21.47,1100.0,21.46,1100.0,21.44,800.0,21.39,400.0,21.49,900.0,21.5,3000.0,21.52,3300.0,21.54,3700.0,21.55,2700.0,4803000
21.48,200.0,21.47,1100.0,21.46,1100.0,21.44,800.0,21.39,400.0,21.5,3000.0,21.52,3300.0,21.54,3700.0,21.55,2700.0,21.57,2400.0,4809000
21.48,700.0,21.47,1100.0,21.46,1100.0,21.44,800.0,21.39,400.0,21.5,3000.0,21.52,3300.0,21.54,3700.0,21.55,2700.0,21.57,2400.0,4821000
21.48,700.0,21.47,1100.0,21.44,400.0,21.39,400.0,21.33,900.0,21.5,3000.0,21.52,3300.0,21.54,3700.0,21.55,2700.0,21.57,2400.0,4827000
21.48,600.0,21.47,1100.0,21.44,400.0,21.39,400.0,21.33,900.0,21.5,3000.0,21.52,3300.0,21.54,3700.0,21.55,2700.0,21.57,2400.0,4836000
21.48,600.0,21.44,400.0,21.39,400.0,21.33,900.0,21.32,200.0,21.5,3000.0,21.52,3300.0,21.54,3700.0,21.55,2700.0,21.57,2400.0,4887000
21.48,900.0,21.44,400.0,21.39,400.0,21.33,900.0,21.32,200.0,21.5,3000.0,21.52,3300.0,21.54,3700.0,21.55,2700.0,21.57,2400.0,4902000
21.48,900.0,21.44,400.0,21.39,400.0,21.33,900.0,21.32,200.0,21.5,2800.0,21.52,3300.0,21.54,3700.0,21.55,2700.0,21.57,2400.0,4923000
21.48,900.0,21.44,400.0,21.39,400.0,21.33,900.0,21.32,200.0,21.5,4000.0,21.52,3300.0,21.54,3700.0,21.55,2700.0,21.57,2400.0,4941000
21.48,800.0,21.44,400.0,21.39,400.0,21.33,900.0,21.32,200.0,21.49,1000.0,21.5,4000.0,21.52,3300.0,21.54,3700.0,21.55,2700.0,4959000
21.48,600.0,21.44,400.0,21.39,400.0,21.33,900.0,21.32,200.0,21.49,1000.0,21.5,4100.0,21.52,3300.0,21.54,3700.0,21.55,2700.0,4974000
21.48,600.0,21.44,400.0,21.39,400.0,21.33,900.0,21.32,200.0,21.49,1000.0,21.5,4100.0,21.52,3300.0,21.54,6500.0,21.55,2700.0,4977000
21.48,600.0,21.44,400.0,21.39,400.0,21.33,900.0,21.32,200.0,21.49,1000.0,21.5,4100.0,21.52,3300.0,21.54,6500.0,21.55,2700.0,4980000
21.48,200.0,21.44,400.0,21.39,400.0,21.33,900.0,21.32,200.0,21.49,900.0,21.5,4100.0,21.52,3300.0,21.54,6500.0,21.55,2700.0,4983000
21.44,500.0,21.39,400.0,21.33,900.0,21.32,200.0,21.31,300.0,21.48,1100.0,21.49,900.0,21.5,4100.0,21.52,3300.0,21.54,6500.0,4986000
21.44,500.0,21.39,400.0,21.33,900.0,21.32,200.0,21.31,300.0,21.48,1500.0,21.49,900.0,21.5,4100.0,21.52,3300.0,21.54,6500.0,4989000
21.4,800.0,21.39,1100.0,21.33,900.0,21.32,200.0,21.31,300.0,21.47,400.0,21.48,1500.0,21.49,900.0,21.5,4100.0,21.52,3300.0,4992000
21.4,800.0,21.39,1100.0,21.33,900.0,21.32,200.0,21.31,300.0,21.47,700.0,21.48,1500.0,21.49,900.0,21.5,4100.0,21.52,3300.0,4995000
21.4,800.0,21.39,1100.0,21.33,900.0,21.32,200.0,21.31,300.0,21.47,700.0,21.48,1500.0,21.49,900.0,21.5,4100.0,21.52,2300.0,5007000
21.4,800.0,21.39,1100.0,21.33,900.0,21.32,200.0,21.31,300.0,21.47,700.0,21.48,1500.0,21.49,900.0,21.5,4100.0,21.52,2300.0,5010000
21.4,800.0,21.39,1100.0,21.33,900.0,21.32,200.0,21.31,300.0,21.47,900.0,21.48,1500.0,21.49,900.0,21.5,4100.0,21.52,2300.0,5028000
21.4,800.0,21.39,1100.0,21.33,900.0,21.32,200.0,21.31,300.0,21.47,900.0,21.48,2300.0,21.49,900.0,21.5,4100.0,21.52,2300.0,5037000
21.4,800.0,21.39,1100.0,21.33,900.0,21.32,200.0,21.31,300.0,21.47,1000.0,21.48,2300.0,21.49,900.0,21.5,4100.0,21.52,2300.0,5040000
21.4,800.0,21.39,1100.0,21.33,900.0,21.32,200.0,21.31,300.0,21.47,1000.0,21.48,2300.0,21.49,900.0,21.5,4100.0,21.52,2300.0,5046000
21.4,600.0,21.39,1100.0,21.33,900.0,21.32,200.0,21.31,300.0,21.47,1000.0,21.48,2300.0,21.49,900.0,21.5,4100.0,21.52,2300.0,5049000
21.4,600.0,21.39,1100.0,21.33,900.0,21.32,200.0,21.31,300.0,21.47,1000.0,21.48,2300.0,21.49,1400.0,21.5,4100.0,21.52,2300.0,5055000
21.4,600.0,21.39,1100.0,21.33,900.0,21.32,200.0,21.31,300.0,21.46,1600.0,21.47,1000.0,21.48,2300.0,21.49,1400.0,21.5,5100.0,5109000
21.4,400.0,21.39,900.0,21.33,900.0,21.32,200.0,21.31,300.0,21.43,300.0,21.44,600.0,21.45,800.0,21.46,1100.0,21.47,1000.0,5112000
21.39,900.0,21.33,900.0,21.32,200.0,21.31,300.0,21.3,1100.0,21.42,300.0,21.44,600.0,21.45,800.0,21.46,800.0,21.47,1000.0,5115000
21.4,100.0,21.39,700.0,21.33,900.0,21.32,200.0,21.31,300.0,21.42,300.0,21.44,600.0,21.45,800.0,21.46,800.0,21.47,1000.0,5118000
21.4,100.0,21.39,600.0,21.33,900.0,21.32,200.0,21.31,300.0,21.42,1100.0,21.44,600.0,21.45,800.0,21.46,800.0,21.47,1000.0,5127000
21.4,400.0,21.39,600.0,21.33,900.0,21.32,200.0,21.31,300.0,21.42,1000.0,21.44,600.0,21.45,800.0,21.46,800.0,21.47,1000.0,5139000
21.39,600.0,21.33,900.0,21.32,200.0,21.31,300.0,21.3,1100.0,21.41,100.0,21.42,1000.0,21.44,600.0,21.45,800.0,21.46,800.0,5181000
21.39,600.0,21.33,900.0,21.32,200.0,21.31,300.0,21.3,1100.0,21.41,100.0,21.42,800.0,21.44,600.0,21.45,800.0,21.46,800.0,5187000
21.39,500.0,21.33,900.0,21.32,200.0,21.31,300.0,21.3,1100.0,21.4,200.0,21.41,100.0,21.42,800.0,21.44,600.0,21.45,800.0,5193000
21.33,900.0,21.32,200.0,21.31,300.0,21.3,1100.0,21.28,300.0,21.39,100.0,21.41,100.0,21.42,800.0,21.44,600.0,21.45,800.0,5202000
21.35,400.0,21.34,600.0,21.33,900.0,21.32,200.0,21.31,300.0,21.41,300.0,21.42,800.0,21.44,600.0,21.45,800.0,21.46,800.0,5208000
21.35,400.0,21.34,600.0,21.33,900.0,21.32,200.0,21.31,300.0,21.41,300.0,21.42,800.0,21.44,600.0,21.45,800.0,21.46,800.0,5223000
21.35,400.0,21.34,600.0,21.33,700.0,21.32,200.0,21.31,300.0,21.41,300.0,21.42,800.0,21.44,600.0,21.45,800.0,21.46,800.0,5232000
21.35,400.0,21.34,600.0,21.33,700.0,21.32,200.0,21.31,300.0,21.41,700.0,21.42,200.0,21.44,600.0,21.45,800.0,21.46,800.0,5235000
21.35,400.0,21.34,600.0,21.33,700.0,21.32,200.0,21.31,300.0,21.41,700.0,21.42,200.0,21.44,600.0,21.45,800.0,21.46,800.0,5238000
21.35,400.0,21.34,600.0,21.33,700.0,21.32,200.0,21.31,300.0,21.4,200.0,21.41,700.0,21.42,200.0,21.44,600.0,21.45,800.0,5262000
21.35,400.0,21.34,600.0,21.33,700.0,21.32,200.0,21.31,300.0,21.4,200.0,21.41,700.0,21.42,200.0,21.44,600.0,21.45,800.0,5265000
21.35,700.0,21.34,600.0,21.33,700.0,21.32,200.0,21.31,300.0,21.4,100.0,21.41,700.0,21.42,200.0,21.44,600.0,21.45,800.0,5268000
21.35,700.0,21.34,600.0,21.33,700.0,21.32,200.0,21.31,300.0,21.4,100.0,21.41,700.0,21.42,200.0,21.44,600.0,21.45,800.0,5274000
21.35,700.0,21.34,600.0,21.33,700.0,21.32,200.0,21.31,300.0,21.4,100.0,21.41,700.0,21.42,200.0,21.44,600.0,21.45,800.0,5277000
21.35,700.0,21.34,600.0,21.33,700.0,21.32,200.0,21.31,300.0,21.4,100.0,21.41,700.0,21.42,200.0,21.44,600.0,21.45,800.0,5292000
21.35,700.0,21.34,600.0,21.33,700.0,21.32,200.0,21.31,300.0,21.4,100.0,21.41,700.0,21.42,200.0,21.44,600.0,21.45,800.0,5304000
21.35,700.0,21.34,600.0,21.33,700.0,21.32,200.0,21.31,300.0,21.4,100.0,21.41,700.0,21.42,200.0,21.44,600.0,21.45,800.0,5310000
21.35,700.0,21.34,600.0,21.33,700.0,21.32,200.0,21.31,300.0,21.4,300.0,21.41,700.0,21.42,200.0,21.44,600.0,21.45,800.0,5325000
21.35,600.0,21.34,400.0,21.33,700.0,21.32,200.0,21.31,300.0,21.38,100.0,21.39,200.0,21.4,200.0,21.41,700.0,21.42,200.0,5328000
21.35,600.0,21.34,400.0,21.33,700.0,21.32,200.0,21.31,300.0,21.38,100.0,21.39,200.0,21.41,700.0,21.42,200.0,21.44,600.0,5340000
21.35,500.0,21.34,400.0,21.33,700.0,21.32,200.0,21.31,300.0,21.38,300.0,21.41,100.0,21.42,200.0,21.44,600.0,21.45,800.0,5343000
21.35,800.0,21.34,400.0,21.33,700.0,21.32,200.0,21.31,300.0,21.38,300.0,21.41,100.0,21.42,200.0,21.44,600.0,21.45,800.0,5346000
21.35,1000.0,21.34,400.0,21.33,700.0,21.32,200.0,21.31,300.0,21.38,300.0,21.41,100.0,21.42,200.0,21.44,600.0,21.45,800.0,5349000
21.35,1000.0,21.34,400.0,21.33,700.0,21.32,200.0,21.31,300.0,21.38,300.0,21.41,100.0,21.42,200.0,21.44,600.0,21.45,800.0,5361000
21.35,1000.0,21.34,400.0,21.33,700.0,21.32,200.0,21.31,300.0,21.38,200.0,21.41,100.0,21.42,200.0,21.44,600.0,21.45,800.0,5367000
21.35,1000.0,21.34,400.0,21.33,700.0,21.32,200.0,21.31,300.0,21.38,200.0,21.41,100.0,21.42,200.0,21.44,600.0,21.45,800.0,5382000
21.35,1000.0,21.34,400.0,21.33,700.0,21.32,200.0,21.31,300.0,21.41,100.0,21.42,200.0,21.44,600.0,21.45,800.0,21.46,800.0,5391000
21.35,1100.0,21.34,400.0,21.33,700.0,21.32,200.0,21.31,300.0,21.41,900.0,21.42,200.0,21.44,600.0,21.45,800.0,21.46,800.0,5406000
21.35,1100.0,21.34,400.0,21.33,700.0,21.32,200.0,21.31,300.0,21.41,1600.0,21.42,200.0,21.44,600.0,21.45,800.0,21.46,800.0,5409000
21.35,1100.0,21.34,400.0,21.33,700.0,21.32,200.0,21.31,300.0,21.4,100.0,21.41,1600.0,21.42,200.0,21.44,600.0,21.45,800.0,5424000
21.36,1000.0,21.35,800.0,21.34,400.0,21.33,700.0,21.32,200.0,21.4,100.0,21.41,1600.0,21.42,200.0,21.44,600.0,21.45,800.0,5433000
21.36,1300.0,21.35,800.0,21.34,400.0,21.33,700.0,21.32,200.0,21.4,100.0,21.41,1600.0,21.42,200.0,21.44,600.0,21.45,800.0,5445000
21.37,300.0,21.36,1300.0,21.35,800.0,21.34,400.0,21.33,700.0,21.4,100.0,21.41,1600.0,21.42,200.0,21.44,600.0,21.45,800.0,5448000
21.37,400.0,21.36,1300.0,21.35,800.0,21.34,400.0,21.33,700.0,21.4,700.0,21.41,1600.0,21.42,200.0,21.44,600.0,21.45,800.0,5451000
21.4,200.0,21.37,100.0,21.36,1300.0,21.35,800.0,21.34,400.0,21.41,1600.0,21.42,200.0,21.44,600.0,21.45,800.0,21.46,800.0,5454000
21.38,300.0,21.37,100.0,21.36,1300.0,21.35,800.0,21.34,400.0,21.4,100.0,21.41,1600.0,21.42,200.0,21.44,600.0,21.45,800.0,5475000
21.38,300.0,21.37,100.0,21.36,1300.0,21.35,800.0,21.34,400.0,21.4,100.0,21.41,1600.0,21.42,200.0,21.44,600.0,21.45,800.0,5484000
21.38,600.0,21.37,100.0,21.36,1300.0,21.35,800.0,21.34,400.0,21.4,400.0,21.41,1600.0,21.42,200.0,21.44,600.0,21.45,800.0,5544000
21.36,1300.0,21.35,700.0,21.34,400.0,21.33,700.0,21.32,200.0,21.38,200.0,21.4,1400.0,21.41,1600.0,21.42,200.0,21.44,600.0,5586000
21.36,1300.0,21.35,700.0,21.34,400.0,21.33,700.0,21.32,200.0,21.4,1300.0,21.41,1600.0,21.42,200.0,21.44,600.0,21.45,800.0,5592000
21.36,1300.0,21.35,700.0,21.34,400.0,21.33,700.0,21.32,200.0,21.4,1400.0,21.41,1600.0,21.42,200.0,21.44,600.0,21.45,800.0,5598000
21.36,1300.0,21.35,700.0,21.34,400.0,21.33,700.0,21.32,200.0,21.4,1400.0,21.41,1600.0,21.42,200.0,21.44,600.0,21.45,800.0,5658000
21.36,1300.0,21.35,700.0,21.34,400.0,21.33,700.0,21.32,200.0,21.4,1400.0,21.41,1600.0,21.42,200.0,21.44,600.0,21.45,800.0,5718000
21.36,1300.0,21.35,700.0,21.34,400.0,21.33,700.0,21.32,200.0,21.4,1400.0,21.41,1600.0,21.42,100.0,21.44,600.0,21.45,800.0,5751000
21.36,1300.0,21.35,700.0,21.34,400.0,21.33,700.0,21.32,200.0,21.4,1700.0,21.41,1600.0,21.42,100.0,21.44,600.0,21.45,800.0,5763000
21.36,1300.0,21.35,400.0,21.34,400.0,21.33,700.0,21.32,200.0,21.4,2400.0,21.41,1600.0,21.42,100.0,21.44,600.0,21.45,800.0,5829000
21.36,1300.0,21.35,400.0,21.33,700.0,21.32,200.0,21.31,300.0,21.4,2400.0,21.41,1600.0,21.42,100.0,21.44,600.0,21.45,800.0,5835000
21.36,1300.0,21.35,700.0,21.33,700.0,21.32,200.0,21.31,300.0,21.4,2400.0,21.41,1600.0,21.42,100.0,21.44,600.0,21.45,800.0,5895000
21.37,600.0,21.36,1300.0,21.35,700.0,21.33,700.0,21.32,200.0,21.4,500.0,21.41,1600.0,21.42,100.0,21.44,600.0,21.45,800.0,5901000
21.37,600.0,21.36,1300.0,21.35,700.0,21.33,700.0,21.32,200.0,21.4,300.0,21.41,1600.0,21.42,100.0,21.44,600.0,21.45,800.0,5907000
21.37,600.0,21.36,1300.0,21.35,700.0,21.33,700.0,21.32,200.0,21.4,300.0,21.41,1600.0,21.42,100.0,21.44,600.0,21.45,800.0,5925000
21.37,600.0,21.36,1300.0,21.35,700.0,21.33,700.0,21.32,200.0,21.4,300.0,21.41,1600.0,21.42,100.0,21.44,600.0,21.45,800.0,5964000
21.37,600.0,21.36,1300.0,21.35,700.0,21.33,700.0,21.32,200.0,21.4,200.0,21.41,1600.0,21.42,100.0,21.44,600.0,21.45,800.0,5970000
21.37,600.0,21.36,1300.0,21.35,700.0,21.33,700.0,21.32,200.0,21.4,200.0,21.41,1600.0,21.42,100.0,21.44,600.0,21.45,800.0,6012000
21.37,600.0,21.36,1300.0,21.35,700.0,21.33,700.0,21.32,200.0,21.4,200.0,21.41,1600.0,21.42,100.0,21.44,600.0,21.45,800.0,6015000
21.37,600.0,21.36,1300.0,21.35,700.0,21.33,700.0,21.32,200.0,21.4,700.0,21.41,1600.0,21.42,100.0,21.44,600.0,21.45,800.0,6060000
